2479 3508
511 344 1710 91 la saincte eglise quil a faict ⁊ commande. Et de lautre le Pape chief de leglise Rom-

508 412 1707 70 maine ⁊ ses decretz ⁊ ordonnances: affin que les consciences craintiues/ qui ont pen-

508 464 1713 88 se la papaulte estre de Dieu: ⁊ qui ont plus tremble pour les fulminations des Papes/

514 532 1707 73 ⁊ plus craint de passer les ordonnances papales/ que la loy de Dieu soyent deliurees de

511 587 1701 73 ceste tyrannie/ ⁊ que plainement se retournẽt au uray Dieu par nostre Seigneur Iesus/

514 646 1707 76 suyuant iceluy seul/ ⁊ sarrestant a sa saincte parolle/ tellement que tout le monde deliure

514 704 1707 70 de lerreur ⁊ abusion papisticque/ delaissant uanite/ suyue la uerite/ retournant au uray

511 757 1707 87 Dieu qui a faict le ciel ⁊ la terre/ ladorant ⁊ seruant a luy seul/ uiuant tous comme freres

514 824 1710 76 en uraye charite sans tuer ⁊ meurtrir lung laultre/ comme lon a faict iusques a present

511 882 1704 68 espanchant le sang innocent/ persecutant Iesus en ses membres/ par feu/ glaiue/ ⁊ aul-

508 935 1707 82 tres tormentz par faulte de congnoistre Iesus ⁊ sa parolle: ⁊ ce a linstigation du Pape ⁊

511 993 1427 82 des siens/ pour maintenir ses abominations ⁊ mauldictes ordonnances.

561 1052 1663 76 Dieu plain de toute bonte ⁊ misericorde illumine tellemẽt le coeur dung chascun/ que

511 1113 1710 70 tous uoyent ⁊ congnoissent la uerite/ le chemin de uie ⁊ de salut/ ⁊ que tous le tiennent

511 1172 1707 76 uiuant tous sainctement en une loy/ foy/ ⁊ Euãgile de uerite en lhõneur ⁊ gloire du nom

511 1227 1710 73 de Dieu/ ⁊ edification lung de laultre/ tellement quen Leglise ny aye aultre chief que Ie-

511 1286 1710 76 sus/ quon ne tienne aultre chose que ce quil a ordonne purement ⁊ simplement: ainsi que

508 1341 1342 85 ses bons seruiteurs les sainctz Apostres ⁊ Euangelistes ont presche.

578 1400 1643 76 Le bon plaisir du Seigneur de tous/ qui tout a faict/ soit par sa bõte enuoyer par tou-

508 1452 1713 79 te la terre urays annonciateurs du S. Euangile/ qui sainctement ⁊ purement preschent

511 1514 1707 87 la uerite/ comme le uray sauueur Iesus/ a cõmande sans y riens mesler/ faisant que tous

511 1578 1707 82 prennent la uerite/ ⁊ que tous soyõs amenez au troupeau de Iesus faictz tous ung trou-

511 1639 1716 85 peau de Iesus qui soit le seul pasteur regnant au coeur de tous par le S. Esperit/ qͥ nous

520 1701 1371 85 meine ⁊ conduise tous par le droict chemin iusques a la fin. Amen.
