<?xml version="1.0" encoding="UTF-8"?>
<alto xmlns:xsi="http://www.w3.org/2001/XMLSchema-instance"
      xmlns="http://www.loc.gov/standards/alto/ns-v4#"
      xsi:schemaLocation="http://www.loc.gov/standards/alto/ns-v4# http://www.loc.gov/standards/alto/v4/alto-4-2.xsd">
  <Description>
    <MeasurementUnit>pixel</MeasurementUnit>
    <sourceImageInformation>
      <fileName>BPF_ANDRE_1001.pdf_page_18.png</fileName>
      
    </sourceImageInformation>
  </Description>
  
  <Tags>
    <OtherTag ID="BT1050" LABEL="MainZone" DESCRIPTION="block type MainZone"/><OtherTag ID="BT1051" LABEL="MarginTextZone" DESCRIPTION="block type MarginTextZone"/><OtherTag ID="BT1052" LABEL="DropCapitalZone" DESCRIPTION="block type DropCapitalZone"/><OtherTag ID="BT1055" LABEL="TitlePageZone" DESCRIPTION="block type TitlePageZone"/><OtherTag ID="BT1056" LABEL="RunningTitleZone" DESCRIPTION="block type RunningTitleZone"/><OtherTag ID="BT1057" LABEL="GraphicZone" DESCRIPTION="block type GraphicZone"/><OtherTag ID="BT1134" LABEL="QuireMarksZone" DESCRIPTION="block type QuireMarksZone"/><OtherTag ID="BT1231" LABEL="MarginTextZone:handwrittenAddition" DESCRIPTION="block type MarginTextZone:handwrittenAddition"/><OtherTag ID="BT1232" LABEL="StampZone" DESCRIPTION="block type StampZone"/>
    <OtherTag ID="LT393" LABEL="DefaultLine" DESCRIPTION="line type DefaultLine"/><OtherTag ID="LT394" LABEL="HeadingLine" DESCRIPTION="line type HeadingLine"/><OtherTag ID="LT395" LABEL="DropCapitalLine" DESCRIPTION="line type DropCapitalLine"/><OtherTag ID="LT461" LABEL="CustomLine:Faits" DESCRIPTION="line type CustomLine:Faits"/>
  </Tags>
  
  <Layout>
    <Page WIDTH="2479"
          HEIGHT="3508"
          PHYSICAL_IMG_NR="17"
          ID="eSc_dummypage_">
      <PrintSpace HPOS="0"
                  VPOS="0"
                  WIDTH="2479"
                  HEIGHT="3508">
        
        <TextBlock HPOS="489"
                   VPOS="214"
                   WIDTH="1775"
                   HEIGHT="2582"
                   ID="eSc_textblock_5ae1feed"
                   TAGREFS="BT1050">
          <Shape><Polygon POINTS="489 214 489 2796 2248 2796 2264 214"/></Shape>
          
          
          <TextLine ID="eSc_line_65b9efd0"
                    TAGREFS="LT394"
                    BASELINE="939 350 2248 362" 
                    HPOS="935"
                    VPOS="242"
                    WIDTH="1310"
                    HEIGHT="138">
            <Shape><Polygon POINTS="935 359 2239 380 2245 359 2245 268 2101 254 2098 254 2096 254 2069 263 2046 271 1789 271 1645 254 1566 248 1563 248 1487 251 1268 266 938 242 938 347"/></Shape>
	    <String CONTENT="Christ humble aux malades donne guerison."
                    HPOS="935"
                    VPOS="242"
                    WIDTH="1310"
                    HEIGHT="138"></String>
          </TextLine>

          
          
          <TextLine ID="eSc_line_6ff8f94a"
                    TAGREFS="LT394"
                    BASELINE="616 612 920 616" 
                    HPOS="616"
                    VPOS="520"
                    WIDTH="304"
                    HEIGHT="123">
            <Shape><Polygon POINTS="616 643 920 628 920 608 917 520 616 537 616 608"/></Shape>
	    <String CONTENT="Languores sanat."
                    HPOS="616"
                    VPOS="520"
                    WIDTH="304"
                    HEIGHT="123"></String>
          </TextLine>

          
          
          <TextLine ID="eSc_line_2e437932"
                    TAGREFS="LT393"
                    BASELINE="532 957 1075 961" 
                    HPOS="526"
                    VPOS="850"
                    WIDTH="546"
                    HEIGHT="120">
            <Shape><Polygon POINTS="529 955 526 967 1067 970 1072 958 1072 853 967 850 964 850 961 850 958 850 950 859 926 879 894 862 891 862 888 862 885 862 841 879 762 868 742 865 739 865 736 865 733 865 730 868 713 882 643 874 581 865 578 865 575 865 529 876 529 955"/></Shape>
	    <String CONTENT="¶ Grand multitude de peu"
                    HPOS="526"
                    VPOS="850"
                    WIDTH="546"
                    HEIGHT="120"></String>
          </TextLine>

          
          
          <TextLine ID="eSc_line_4fdabd98"
                    TAGREFS="LT393"
                    BASELINE="529 1005 1072 1011" 
                    HPOS="526"
                    VPOS="953"
                    WIDTH="546"
                    HEIGHT="73">
            <Shape><Polygon POINTS="792 955 762 955 733 955 704 955 675 955 646 955 616 955 587 955 558 955 529 953 529 1005 526 1026 1069 1026 1072 1011 1069 958 798 955 792 955"/></Shape>
	    <String CONTENT="ple uenoit poͬ louyr/ ⁊ pour"
                    HPOS="526"
                    VPOS="953"
                    WIDTH="546"
                    HEIGHT="73"></String>
          </TextLine>

          
          
          <TextLine ID="eSc_line_465484eb"
                    TAGREFS="LT393"
                    BASELINE="529 1069 1069 1064" 
                    HPOS="526"
                    VPOS="1017"
                    WIDTH="543"
                    HEIGHT="73">
            <Shape><Polygon POINTS="529 1069 529 1090 1067 1090 1069 1064 1061 1017 526 1020 529 1069"/></Shape>
	    <String CONTENT="estre gueris de leurs mala¬"
                    HPOS="526"
                    VPOS="1017"
                    WIDTH="543"
                    HEIGHT="73"></String>
          </TextLine>

          
          
          <TextLine ID="eSc_line_70e08cd1"
                    TAGREFS="LT393"
                    BASELINE="529 1128 1069 1122" 
                    HPOS="526"
                    VPOS="1069"
                    WIDTH="543"
                    HEIGHT="79">
            <Shape><Polygon POINTS="760 1069 730 1069 701 1069 672 1069 643 1069 613 1069 584 1069 555 1069 526 1069 529 1128 529 1148 1067 1148 1069 1122 1064 1069 789 1069 760 1069"/></Shape>
	    <String CONTENT="dies/ ⁊ ceulx qui estoyent ue¬"
                    HPOS="526"
                    VPOS="1069"
                    WIDTH="543"
                    HEIGHT="79"></String>
          </TextLine>

          
          
          <TextLine ID="eSc_line_f5fb3a2c"
                    TAGREFS="LT393"
                    BASELINE="526 1186 1069 1178" 
                    HPOS="523"
                    VPOS="1125"
                    WIDTH="546"
                    HEIGHT="82">
            <Shape><Polygon POINTS="1049 1125 1020 1125 991 1125 961 1125 932 1125 923 1125 523 1131 526 1186 526 1207 1067 1204 1069 1178 1061 1125 1049 1125"/></Shape>
	    <String CONTENT="xez des esperitz immõdes/"
                    HPOS="523"
                    VPOS="1125"
                    WIDTH="546"
                    HEIGHT="82"></String>
          </TextLine>

          
          
          <TextLine ID="eSc_line_be02533f"
                    TAGREFS="LT393"
                    BASELINE="526 1242 1075 1242" 
                    HPOS="526"
                    VPOS="1186"
                    WIDTH="549"
                    HEIGHT="82">
            <Shape><Polygon POINTS="526 1242 526 1262 1072 1268 1075 1242 1072 1186 526 1192 526 1242"/></Shape>
	    <String CONTENT="estoyent gueris: et toute la"
                    HPOS="526"
                    VPOS="1186"
                    WIDTH="549"
                    HEIGHT="82"></String>
          </TextLine>

          
          
          <TextLine ID="eSc_line_dd03def9"
                    TAGREFS="LT393"
                    BASELINE="526 1300 1072 1300" 
                    HPOS="526"
                    VPOS="1251"
                    WIDTH="546"
                    HEIGHT="79">
            <Shape><Polygon POINTS="526 1300 526 1330 1072 1330 1072 1300 1072 1251 526 1251 526 1300"/></Shape>
	    <String CONTENT="multitude q̃roit le toucher:"
                    HPOS="526"
                    VPOS="1251"
                    WIDTH="546"
                    HEIGHT="79"></String>
          </TextLine>

          
          
          <TextLine ID="eSc_line_c2f6e29d"
                    TAGREFS="LT393"
                    BASELINE="526 1359 1072 1359" 
                    HPOS="526"
                    VPOS="1309"
                    WIDTH="546"
                    HEIGHT="82">
            <Shape><Polygon POINTS="526 1359 526 1376 1069 1391 1072 1359 1072 1309 526 1309 526 1359"/></Shape>
	    <String CONTENT="car uertu yssoit de luy/ ⁊ gue"
                    HPOS="526"
                    VPOS="1309"
                    WIDTH="546"
                    HEIGHT="82"></String>
          </TextLine>

          
          
          <TextLine ID="eSc_line_c95d89c6"
                    TAGREFS="LT393"
                    BASELINE="526 1417 920 1414" 
                    HPOS="523"
                    VPOS="1362"
                    WIDTH="397"
                    HEIGHT="82">
            <Shape><Polygon POINTS="757 1362 727 1362 698 1362 669 1362 640 1362 610 1362 581 1362 552 1362 529 1365 523 1368 526 1417 526 1435 915 1444 920 1414 915 1368 777 1362 757 1362"/></Shape>
	    <String CONTENT="rissoit tous. Luce.6."
                    HPOS="523"
                    VPOS="1362"
                    WIDTH="397"
                    HEIGHT="82"></String>
          </TextLine>

          
          
          <TextLine ID="eSc_line_15d9b4f6"
                    TAGREFS="LT393"
                    BASELINE="526 1476 1081 1476" 
                    HPOS="526"
                    VPOS="1426"
                    WIDTH="555"
                    HEIGHT="79">
            <Shape><Polygon POINTS="1072 1426 526 1426 526 1476 526 1493 1078 1505 1081 1476 1081 1447 1072 1426"/></Shape>
	    <String CONTENT="¶ Ilz luy presenterent plu¬"
                    HPOS="526"
                    VPOS="1426"
                    WIDTH="555"
                    HEIGHT="79"></String>
          </TextLine>

          
          
          <TextLine ID="eSc_line_ecfffd96"
                    TAGREFS="LT393"
                    BASELINE="526 1537 1075 1537" 
                    HPOS="526"
                    VPOS="1485"
                    WIDTH="549"
                    HEIGHT="78">
            <Shape><Polygon POINTS="529 1508 526 1537 526 1552 1072 1563 1075 1537 1075 1485 549 1485 529 1508"/></Shape>
	    <String CONTENT="sieurs demoniacles/ ⁊ il iet-"
                    HPOS="526"
                    VPOS="1485"
                    WIDTH="549"
                    HEIGHT="78"></String>
          </TextLine>

          
          
          <TextLine ID="eSc_line_0c7a7022"
                    TAGREFS="LT393"
                    BASELINE="523 1590 1072 1590" 
                    HPOS="523"
                    VPOS="1543"
                    WIDTH="549"
                    HEIGHT="73">
            <Shape><Polygon POINTS="523 1590 523 1610 1069 1616 1072 1590 1072 1543 523 1543 523 1590"/></Shape>
	    <String CONTENT="ta hors les esperitz par la pa"
                    HPOS="523"
                    VPOS="1543"
                    WIDTH="549"
                    HEIGHT="73"></String>
          </TextLine>

          
          
          <TextLine ID="eSc_line_c71f5808"
                    TAGREFS="LT393"
                    BASELINE="520 1645 1069 1651" 
                    HPOS="517"
                    VPOS="1596"
                    WIDTH="552"
                    HEIGHT="84">
            <Shape><Polygon POINTS="520 1645 517 1663 1064 1680 1069 1651 1067 1601 520 1596 520 1645"/></Shape>
	    <String CONTENT="rolle/ ⁊ guerist tous les ma¬"
                    HPOS="517"
                    VPOS="1596"
                    WIDTH="552"
                    HEIGHT="84"></String>
          </TextLine>

          
          
          <TextLine ID="eSc_line_6a7ebd09"
                    TAGREFS="LT393"
                    BASELINE="523 1710 1064 1716" 
                    HPOS="517"
                    VPOS="1648"
                    WIDTH="544"
                    HEIGHT="91">
            <Shape><Polygon POINTS="520 1707 517 1724 1055 1739 1061 1715 1058 1660 520 1648 520 1707"/></Shape>
	    <String CONTENT="lades: affin que fust accom¬"
                    HPOS="517"
                    VPOS="1648"
                    WIDTH="544"
                    HEIGHT="91"></String>
          </TextLine>

          
          
          <TextLine ID="eSc_line_1ba814aa"
                    TAGREFS="LT393"
                    BASELINE="523 1765 1069 1765" 
                    HPOS="523"
                    VPOS="1718"
                    WIDTH="546"
                    HEIGHT="76">
            <Shape><Polygon POINTS="523 1765 523 1789 1067 1794 1069 1765 1069 1718 523 1718 523 1765"/></Shape>
	    <String CONTENT="ply ce qui estoit dit par le pro"
                    HPOS="523"
                    VPOS="1718"
                    WIDTH="546"
                    HEIGHT="76"></String>
          </TextLine>

          
          
          <TextLine ID="eSc_line_994c295f"
                    TAGREFS="LT393"
                    BASELINE="523 1827 1064 1821" 
                    HPOS="520"
                    VPOS="1771"
                    WIDTH="544"
                    HEIGHT="76">
            <Shape><Polygon POINTS="523 1827 523 1847 1061 1844 1064 1821 1055 1771 520 1774 523 1827"/></Shape>
	    <String CONTENT="phete Esaye: disant/ Iceluy"
                    HPOS="520"
                    VPOS="1771"
                    WIDTH="544"
                    HEIGHT="76"></String>
          </TextLine>

          
          
          <TextLine ID="eSc_line_f8a9aa6c"
                    TAGREFS="LT393"
                    BASELINE="523 1882 1830 1891" 
                    HPOS="520"
                    VPOS="1830"
                    WIDTH="1310"
                    HEIGHT="73">
            <Shape><Polygon POINTS="1809 1844 1780 1838 1774 1835 1391 1835 1371 1835 1341 1835 1312 1835 1283 1835 1254 1835 1224 1835 1195 1835 1166 1835 1137 1835 1134 1832 523 1830 523 1882 520 1894 1824 1903 1830 1891 1827 1847 1809 1844"/></Shape>
	    <String CONTENT="a prins sur soy noz infirmitez/ ⁊ a porte noz maladies. Matthe.8."
                    HPOS="520"
                    VPOS="1830"
                    WIDTH="1310"
                    HEIGHT="73"></String>
          </TextLine>

          
          
          <TextLine ID="eSc_line_0ac96b61"
                    TAGREFS="LT393"
                    BASELINE="526 1941 2239 1946" 
                    HPOS="523"
                    VPOS="1885"
                    WIDTH="1716"
                    HEIGHT="76">
            <Shape><Polygon POINTS="2221 1903 2192 1903 2163 1903 2134 1900 2104 1900 2075 1900 2046 1897 2017 1897 1987 1897 1958 1897 1929 1894 1900 1894 1870 1894 1403 1894 1400 1891 1397 1888 1373 1888 1344 1888 1315 1888 1286 1888 1257 1888 1227 1888 1198 1888 1169 1888 1140 1888 1110 1888 1081 1888 1052 1888 1023 1888 993 1888 964 1888 935 1885 906 1885 877 1885 847 1885 818 1885 789 1885 760 1885 736 1885 526 1885 526 1941 523 1955 2233 1961 2239 1946 2236 1900 2221 1903"/></Shape>
	    <String CONTENT="¶ Il guerist plusieurs de leurs maladies ⁊ playes/ ⁊ des mauuais esperitz/ ⁊ rẽdit la ueue"
                    HPOS="523"
                    VPOS="1885"
                    WIDTH="1716"
                    HEIGHT="76"></String>
          </TextLine>

          
          
          <TextLine ID="eSc_line_884907d3"
                    TAGREFS="LT393"
                    BASELINE="523 1996 2233 2008" 
                    HPOS="520"
                    VPOS="1944"
                    WIDTH="1713"
                    HEIGHT="90">
            <Shape><Polygon POINTS="523 1996 520 2011 1569 2031 1572 2031 1759 2020 1765 2020 1800 2034 1803 2034 1806 2034 2230 2020 2233 2008 2230 1955 523 1944 523 1996"/></Shape>
	    <String CONTENT="a plusieurs aueugles: ⁊ Iesus respondit ⁊ leur dit. Allez ⁊ dictes a Iehan ce que uous a¬"
                    HPOS="520"
                    VPOS="1944"
                    WIDTH="1713"
                    HEIGHT="90"></String>
          </TextLine>

          
          
          <TextLine ID="eSc_line_9a1b4b3e"
                    TAGREFS="LT393"
                    BASELINE="523 2055 2236 2066" 
                    HPOS="520"
                    VPOS="1999"
                    WIDTH="1716"
                    HEIGHT="82">
            <Shape><Polygon POINTS="523 2055 520 2072 2230 2081 2236 2066 2233 2011 523 1999 523 2055"/></Shape>
	    <String CONTENT="uez ueu ⁊ ouy/ les aueugles receoyuent la ueue/ ⁊ les boyteux cheminent/ les ladres sont"
                    HPOS="520"
                    VPOS="1999"
                    WIDTH="1716"
                    HEIGHT="82"></String>
          </TextLine>

          
          
          <TextLine ID="eSc_line_ce2284ea"
                    TAGREFS="LT393"
                    BASELINE="523 2113 2227 2125" 
                    HPOS="520"
                    VPOS="2060"
                    WIDTH="1707"
                    HEIGHT="109">
            <Shape><Polygon POINTS="2218 2066 2189 2066 2160 2066 2131 2066 2101 2066 2072 2066 2043 2066 2014 2066 1984 2066 1955 2066 1926 2066 1897 2066 1868 2066 1838 2066 1809 2066 1780 2063 1751 2063 1721 2063 1692 2063 1663 2063 1634 2063 1604 2063 1575 2063 1546 2063 1517 2063 1487 2063 1458 2063 1429 2063 1400 2063 1371 2060 1341 2060 1312 2060 1283 2060 1254 2060 1224 2060 1195 2060 1166 2060 1137 2060 1107 2060 1078 2060 1049 2060 1020 2060 991 2060 961 2060 523 2060 523 2113 520 2139 2221 2169 2227 2125 2224 2066 2218 2066"/></Shape>
	    <String CONTENT="nettoyez/ les sourdz oyent/ les mortz sont resuscitez/ ⁊ les paoures receoiuent le ioyeux"
                    HPOS="520"
                    VPOS="2060"
                    WIDTH="1707"
                    HEIGHT="109"></String>
          </TextLine>

          
          
          <TextLine ID="eSc_line_e1b346d4"
                    TAGREFS="LT393"
                    BASELINE="523 2172 1166 2177" 
                    HPOS="520"
                    VPOS="2122"
                    WIDTH="646"
                    HEIGHT="76">
            <Shape><Polygon POINTS="523 2172 520 2186 1160 2198 1166 2177 1163 2128 523 2122 523 2172"/></Shape>
	    <String CONTENT="message de Leuangille. Luce.7."
                    HPOS="520"
                    VPOS="2122"
                    WIDTH="646"
                    HEIGHT="76"></String>
          </TextLine>

          
          
          <TextLine ID="eSc_line_c1f58b28"
                    TAGREFS="LT393"
                    BASELINE="526 2236 2230 2236" 
                    HPOS="526"
                    VPOS="2154"
                    WIDTH="1704"
                    HEIGHT="102">
            <Shape><Polygon POINTS="1110 2177 1081 2177 1052 2177 1023 2177 993 2177 964 2177 935 2177 906 2177 877 2177 847 2177 526 2177 526 2236 526 2256 2230 2256 2230 2236 2230 2174 2177 2157 2174 2157 2172 2157 2093 2174 2034 2154 2031 2154 1642 2154 1639 2154 1637 2154 1634 2154 1616 2172 1566 2154 1563 2154 1207 2154 1204 2154 1201 2154 1198 2154 1163 2177 1140 2177 1110 2177"/></Shape>
	    <String CONTENT="¶ Il nest aultre mention par tout fors comment le Sauueur a ayde aux paoures mala¬"
                    HPOS="526"
                    VPOS="2154"
                    WIDTH="1704"
                    HEIGHT="102"></String>
          </TextLine>

          
          
          <TextLine ID="eSc_line_00d42acf"
                    TAGREFS="LT393"
                    BASELINE="523 2288 2227 2300" 
                    HPOS="520"
                    VPOS="2236"
                    WIDTH="1707"
                    HEIGHT="79">
            <Shape><Polygon POINTS="1371 2239 1341 2239 1312 2239 1283 2239 1254 2239 1224 2239 1195 2239 1166 2239 1137 2239 1107 2239 1078 2239 1049 2239 1020 2239 991 2239 961 2239 932 2239 903 2239 874 2239 844 2239 815 2239 786 2239 757 2239 727 2239 698 2239 669 2239 640 2239 610 2239 581 2239 552 2239 523 2236 523 2288 520 2300 2221 2315 2227 2300 2224 2242 1373 2239 1371 2239"/></Shape>
	    <String CONTENT="des incitant tous a leur bien faire/ ayder/ ⁊ secourir: ⁊ si a commande a ses Apostres quilz"
                    HPOS="520"
                    VPOS="2236"
                    WIDTH="1707"
                    HEIGHT="79"></String>
          </TextLine>

          
          
          <TextLine ID="eSc_line_2ff7917d"
                    TAGREFS="LT393"
                    BASELINE="523 2350 2233 2356" 
                    HPOS="520"
                    VPOS="2297"
                    WIDTH="1713"
                    HEIGHT="73">
            <Shape><Polygon POINTS="2218 2300 2189 2300 2160 2300 2131 2300 2101 2300 2072 2300 2043 2300 2014 2300 1984 2300 1955 2300 1926 2300 1897 2300 1868 2300 1838 2300 1809 2300 1800 2297 523 2297 523 2350 520 2370 2230 2370 2233 2356 2230 2300 2218 2297 2218 2300"/></Shape>
	    <String CONTENT="guerissent les malades sans rien prẽdre/ ne uoulant quon face mal a personne: mais mes¬"
                    HPOS="520"
                    VPOS="2297"
                    WIDTH="1713"
                    HEIGHT="73"></String>
          </TextLine>

          
          
          <TextLine ID="eSc_line_a8b6c556"
                    TAGREFS="LT393"
                    BASELINE="523 2408 2233 2417" 
                    HPOS="520"
                    VPOS="2356"
                    WIDTH="1713"
                    HEIGHT="73">
            <Shape><Polygon POINTS="523 2408 520 2426 2227 2429 2233 2417 2233 2364 523 2356 523 2408"/></Shape>
	    <String CONTENT="mes a ceulx qui nous font mal que nous leur rendons bien pour mal. Quand Iehan ⁊"
                    HPOS="520"
                    VPOS="2356"
                    WIDTH="1713"
                    HEIGHT="73"></String>
          </TextLine>

          
          
          <TextLine ID="eSc_line_8070d2f1"
                    TAGREFS="LT393"
                    BASELINE="523 2467 2224 2473" 
                    HPOS="520"
                    VPOS="2417"
                    WIDTH="1704"
                    HEIGHT="70">
            <Shape><Polygon POINTS="526 2443 523 2467 520 2487 2221 2484 2224 2473 2221 2420 546 2417 526 2443"/></Shape>
	    <String CONTENT="Iacques uouloyent que le feu descendit pour brusler ceulx qui auoyent ferme les portes"
                    HPOS="520"
                    VPOS="2417"
                    WIDTH="1704"
                    HEIGHT="70"></String>
          </TextLine>

          
          
          <TextLine ID="eSc_line_0ef38c77"
                    TAGREFS="LT393"
                    BASELINE="523 2525 2227 2534" 
                    HPOS="520"
                    VPOS="2470"
                    WIDTH="1707"
                    HEIGHT="99">
            <Shape><Polygon POINTS="2218 2473 2189 2473 2160 2473 2131 2473 2101 2473 2072 2473 2043 2473 2014 2473 1984 2473 1955 2473 1926 2473 1897 2473 1868 2473 1838 2473 1809 2473 1780 2473 1751 2473 1721 2473 1692 2473 1663 2473 1634 2473 1604 2473 1575 2473 1546 2473 1517 2473 1487 2473 1458 2473 1429 2473 1400 2473 1371 2470 1341 2470 1312 2470 1283 2470 1254 2470 1224 2470 1195 2470 1166 2470 1137 2470 1107 2470 1078 2470 1049 2470 1020 2470 991 2470 961 2470 932 2470 903 2470 874 2470 844 2470 815 2470 786 2470 757 2470 727 2470 698 2470 669 2470 640 2470 610 2470 581 2470 552 2470 523 2470 523 2525 520 2543 1087 2543 1201 2554 1251 2560 1254 2560 1257 2560 1268 2557 1295 2546 1642 2546 1657 2557 1657 2560 1660 2560 1663 2560 1666 2560 1675 2560 1856 2549 1938 2563 1952 2566 1955 2569 2224 2569 2227 2534 2224 2470 2218 2470 2218 2473"/></Shape>
	    <String CONTENT="contre Iesus/ pourtant quil alloit en Hierusalem/ ne dit il pas quilz ne scauoyent de quel"
                    HPOS="520"
                    VPOS="2470"
                    WIDTH="1707"
                    HEIGHT="99"></String>
          </TextLine>

          
          
          <TextLine ID="eSc_line_6aa3157f"
                    TAGREFS="LT393"
                    BASELINE="523 2581 1970 2590" 
                    HPOS="520"
                    VPOS="2525"
                    WIDTH="1450"
                    HEIGHT="76">
            <Shape><Polygon POINTS="1224 2531 1195 2531 1166 2531 1137 2531 1107 2531 1093 2528 882 2528 874 2528 844 2528 815 2528 786 2528 757 2528 727 2528 698 2528 669 2528 640 2528 610 2528 581 2528 552 2528 549 2525 523 2525 523 2581 520 2601 1967 2601 1970 2590 1967 2537 1245 2531 1224 2531"/></Shape>
	    <String CONTENT="esperit ilz estoyent/ ⁊ quil estoit uenu pour sauuer ⁊ non pour perdre? Luc.9."
                    HPOS="520"
                    VPOS="2525"
                    WIDTH="1450"
                    HEIGHT="76"></String>
          </TextLine>

          
          
          <TextLine ID="eSc_line_b1c58a86"
                    TAGREFS="LT393"
                    BASELINE="526 2642 2230 2651" 
                    HPOS="523"
                    VPOS="2584"
                    WIDTH="1707"
                    HEIGHT="108">
            <Shape><Polygon POINTS="1958 2590 1929 2590 1900 2590 1870 2590 1841 2590 1812 2590 1783 2590 1754 2590 1724 2590 1695 2590 1666 2590 1637 2590 1607 2590 1578 2590 1549 2590 1520 2590 1490 2590 1461 2587 1432 2587 1403 2587 1373 2587 1344 2587 1315 2587 1286 2587 1257 2587 1227 2587 1198 2587 1169 2587 1140 2587 1110 2587 1081 2587 1052 2587 1023 2587 1014 2584 526 2584 526 2642 523 2660 567 2677 570 2677 572 2677 1143 2669 1657 2663 1698 2677 1701 2677 1704 2677 1818 2666 1850 2683 1862 2689 1865 2689 1868 2692 2227 2692 2230 2651 2227 2584 1958 2584 1958 2590"/></Shape>
	    <String CONTENT="¶ Ainsi cõmande a Pierre qui cache son couteau/ ⁊ nous monstrant exemple il prie pour"
                    HPOS="523"
                    VPOS="2584"
                    WIDTH="1707"
                    HEIGHT="108"></String>
          </TextLine>

          
          
          <TextLine ID="eSc_line_0cea9ca3"
                    TAGREFS="LT393"
                    BASELINE="523 2704 1879 2709" 
                    HPOS="520"
                    VPOS="2645"
                    WIDTH="1359"
                    HEIGHT="108">
            <Shape><Polygon POINTS="523 2704 520 2727 713 2730 716 2733 745 2747 748 2747 751 2747 941 2736 1002 2733 1034 2739 1099 2747 1335 2750 1338 2750 1341 2750 1359 2742 1373 2736 1379 2745 1385 2747 1385 2750 1388 2750 1391 2750 1394 2753 1876 2753 1879 2709 1876 2654 523 2645 523 2704"/></Shape>
	    <String CONTENT="ses ennemys/ comme parauant il auoit guery Malchus. Luc.22.23."
                    HPOS="520"
                    VPOS="2645"
                    WIDTH="1359"
                    HEIGHT="108"></String>
          </TextLine>

          
        </TextBlock>
        
        <TextBlock HPOS="1078"
                   VPOS="401"
                   WIDTH="1154"
                   HEIGHT="1440"
                   ID="eSc_textblock_916cfea5"
                   TAGREFS="BT1057">
          <Shape><Polygon POINTS="1078 401 1078 1841 2232 1841 2232 401"/></Shape>
          
        </TextBlock>
        

        
      </PrintSpace>
    </Page>
  </Layout>
</alto>
