2479 3508
295 216 1070 105 Le pape est porte en grand honneur.

1438 324 456 105 Hic seruis portatur auarus.

1403 423 538 111 ¶ Le pape est le chief ⁊ le

1400 517 544 79 gon des aultres eglises: car

1397 570 547 73 ainsi que la porte est gouuer

1400 628 544 82 nee par le gon/ ainsi de son

1397 689 547 79 autorite toutes les aultres

1394 745 550 85 eglises sont gouuernees. Il

1394 806 547 73 est appelle pere des peres/

1391 856 555 88 cest adire uniuersel: car il est

1394 917 552 85 prince sur toute leglise/ ⁊ est

1397 979 549 76 souuerain pontife: car il est

1400 1031 549 82 sur tous les põtifes/ duquel

1397 1096 549 79 cõme de la teste iceulx cõme

1394 1154 547 76 mẽbres descẽdent/ de la ple-

1394 1216 547 76 nitude/ duq̃l tous prẽnent/

1391 1271 550 79 lesquelz ilz appelle en par-

1391 1321 553 85 tie de soing/ non point a la

1391 1391 550 64 plenitude de puissance. Ce

1394 1438 550 87 stuy est Melchisedec duq̃l

1388 1502 553 82 loffice nest cõpare aux aul-

1394 1558 544 84 tres. lib.ii.rationalis diui-

1391 1619 544 79 norũ officiorũ.de ministris.

1382 1675 559 90 le cõtraire est Ephe.4. Co-

1382 1733 550 79 los.2. 1.Pet.5. Matth.23.

210 1789 1728 87 Io.1. Heb.5. ¶ O pasteur idole delaissant le troupeau/ le glaiue sur le bras diceluy/ sur

216 1856 1722 82 son oeil dextre/ son bras de seicheresse sera sec: ⁊ son oeil dextre de cecite sera obtenebre ⁊

213 1914 1716 73 obscurcy. Zacha.11. ¶ Ceste idole ne se faict elle pas porter comme le S. Prophete Hiere-

213 1964 1719 85 mie recite des idoles. Hiere.10. ⁊ tant seslieue quil dist nestre point homme: mais plus

216 2031 1713 79 grand que tout hõme. de electione.in.ui.c.fũdamẽta. quon regarde la glose de ce orgueil-

213 2087 1722 73 leux chapitre. Et aussi la glose du proeme des clemẽtines/ qui cõmẽce Ioãnes/ la ou il dit/

213 2148 1716 82 papa est admirabile/ papa suꝑ mũdi ⁊c. Qui maxima rerũ.nec deꝰ es nec homo. Si Iesus

216 2201 1713 79 est Dieu ⁊ hõme/ ⁊ le pape nest Dieu ne homme/ il est dõc du tout cõtraire a Iesus/ ⁊ uray

216 2259 1713 79 Antechrist/ ⁊ ung droict diable. ¶ Chrestiens pour lhõneur de Iesus regardez ce pape

213 2318 1716 79 uray filz de perdition cõmẽt il est imitateur de Iesus/ en portãt persecutiõs/ ueu lorrible

216 2376 1707 85 peine qͥl ordõne cõtre ceulx qͥ font q̃lque chose cõtre ses cardinaulx ou legatz/ cõme in.ui.

216 2429 1713 82 de penis.c.felicis recorditionis. ⁊ aussi. 17.q.4.Si qͥs suadẽte/ ⁊ semblables/ que sont tãt

213 2493 1710 85 seulemẽt pour deffendre le pape ⁊ les siens: affin quilz nayent aucune croix en ce monde:

216 2552 1707 81 mais que tous les adorẽt ⁊ leur seruẽt cõme a Dieu. ¶ Quãd ceste idole est portee ses ba-

216 2613 1707 85 stõniers uont deuant ⁊ criẽt/ mettez uous a genoulx deuãt le sainct pere pour auoir sa be-

216 2666 1707 84 nediction/ cest au signe de la croix quil faict de la main/ cõme si benedicere ⁊ benedictio/

213 2727 1713 82 fust signer/ ⁊ non biẽ dire/ ⁊ biẽ parler/ en quoy les asnes peuuẽt entẽdre la grosse asnerie

216 2788 1704 79 du pape/ des euesques/ ⁊ de tout le mõde ainsi abuse. Et si aucun ne se met a genoulx il se-

219 2847 1704 76 ra frappe/ ⁊ sil dit qͥl ne ueult adorer la beste/ il sera brusle. O Iesus uray filz de Dieu: ⁊

222 2905 1701 73 uous tous Apostres sainctz/ pourquoy nauez uous faict brusler ceulx qui tant de maulx

219 2964 1707 76 uous ont dit uoire faict. Helas uous faisiez prieres pour uoz ennemys/ la ou le Pape ⁊

213 3022 1713 76 les siens font brusler leurs amys/ ceulx qui pour lamour de Dieu ⁊ salut de tous mon-

216 3081 909 84 strent les abus ⁊ paouretez qui sont sur la terre.

1613 3125 79 119 C
