2479 3508
236 570 296 333 L

371 339 1441 79 ¶ Atous ceulx qui liront Grace, paiy, ⁊ salut de Dieu nostre pere par no-

365 394 1447 94 stre Seigneur esus son uray filz, qui soit habitãt au coeur duns chascun-

356 461 366 82 par le S. Esperit.

555 546 1394 117 E grand soleil de iusiice nostre Sauueur ⁊ redempteur q̃esus, esi si tres-

552 634 1386 82 lair ⁊ si resplendissant qu il n y a si aueugle, qu il ne uoye bien la grosse

570 689 1371 88 isserẽce entre la clarte du Sauueur, ⁊ les grosses tenebres du Pape, en-

552 745 1389 88 ire les Apostres ⁊ disciples de Sesus, ⁊ les prestres, moynes, ⁊ tous aul-

564 809 1371 88 res de l estat papisticque. Tellement quon tiendroit a bon droict celuy

233 865 1713 88 sot ⁊ fort d espourueu de sens, qui se trauailleroit, de mõstrer que Iesus ⁊ les siens, nont

236 929 1708 94 point fatct comme le Pape ⁊ les siens. Neantmoins la charite de nostre Seigneur con-

236 985 1708 84 trainct de comparer Iesus auec le Pape;non point pour afsection mauuaise , ou par ire-

233 1046 1711 82 maleuolence ne mal talent; comme nostre Seigneur scait ⁊ cõgnoist, lequel par sa gran-

233 1105 1713 84 de misericorde uuellle tous illuminer, tant le Pape que tous Euesques, prestres, moy-

233 1163 1713 85 nes, ⁊ tous ceulx qui tiennent de leur part; affin que ilz croyent ⁊ suyuent la parolle de

233 1224 1711 82 Dieu, estans sains en foy ⁊ uiuans tous purement. Car ne destrons que le salut dung

236 1280 1708 96 chascun; ⁊ que tous uiennent a la congnoissance de uerite, priant tous qui ce liure lirõt-

236 1341 1713 85 qu ilz prient nostre Seigneur pour tous de coeur ⁊ dassection. Il est tout certain que tout

236 1409 1710 73 le monde crie contre le Pape ⁊ son esglise, a cause des paouretez ⁊ ordures qui y sont; ⁊ ny

233 1458 1713 91 a personne qui ne blasme ⁊ condemne ce paoure ⁊ mauldit estat ou ouuertement de bou-

233 1517 1716 84 che, ou secretement en son coeur, ⁊ mesme le Pape ⁊ les siens se congnoissent telz, qu ilz

233 1575 1719 82 ont honte deulx mesmes, ne cerchant que se cacher, ⁊ aucunement soy entretenir, par le

230 1639 1719 82 moyen des princes ⁊ des ofsicters, qui ont puissance sur les corps, tachans de destrutre

233 1695 1716 85 ceulx qui monstrent leur estat, ⁊ a ce par tous moyens qu il est possible de penser trauail-

230 1759 1716 76 l ent par l egatz, messagiers, dons, promesses, ⁊ aultres uoyes. Mais par cecy n est con-

233 1815 1722 91 gneur la racine du mal.pourtant qu on ne regarde que la uie du Pape ⁊ des siens; car la

233 1870 1719 94 plus part des hommes pensent que si le Pape ⁊ les siens uiuoyent selon leur estat, selon

236 1932 1716 90 leurs rigles ⁊ decretz qu ilz seroyent gens de bien; ⁊ sont en cecy grandement abusez. Car

239 1993 1710 85 nonobstant que la uie ⁊ le train du Pape soit trespaoure ⁊ fort meschant, beaucoup plus

239 2052 1705 87 est sa doctrine et ses ordonnances paoure, meschante, horrible, damnable, ⁊ detestable.

239 2110 1713 88 Affin donc quon congnoisse l estat du Pape en soy qu el il est, qu elles sont ses ordonnan-

242 2172 1710 87 ces, sans fatremention des uies des Papes, comme des fardemens, enchanterie, ⁊ tou-

239 2227 1713 85 te puantise de Pape Paul, ne de Alepandre, qui entre aultres cas enormes couchoit

239 2286 1713 87 auec sa fille propre Lucresse; de laquelle auoit la compaignie son frere le Duc de Ualen-

239 2344 1716 88 tinoys filz dudict Alexandre, pourquoy Lepitaphe de celle Lucresse contenoit quelle

236 2402 1716 91 estoit fille⁊ semme, ⁊ belle fille de Alexandre. Des meurtres et horrt bles effusions

236 2461 1710 85 de sans de qulle, auec son yuronguerte et execrable paillardise, ne de la gourmandi-

236 2525 1722 88 se et uie detestable de Leon, ne des enchanteries, empoisonnemeus trahisons parri-

236 2581 1690 79 cides, et aultres choses plus que diabolicques de Clement ne faisons mention.

242 2636 1713 123 Mais metrrons qesus duns coste uray Fllz de Dieu, chies et Sauueur unlcque de

1596 2704 231 105 A ii
