2479 3508
859 251 1093 93 Iesus es cieulx monte entoute liesse

681 479 321 79 Aseendit Cbufius.

646 724 418 74 ¶Sentez certes en

651 783 410 82 uous ce qui a este en

648 841 416 82 esus Chrisi; lequel

648 897 413 79 comme ainst fut qu il

648 955 413 79 estoit en la sorme de

646 1017 418 79 Dicu, il n a point re-

646 1075 412 85 puie l airecin estre es

646 1128 421 79 gul a Dleu; mais il

648 1189 416 79 s est aneanty soymes-

648 1251 413 76 mes, prenant la for

648 1303 419 79 me du serulteur, falct

648 1362 421 73 a la simisitude des

651 1414 421 82 hommes, ⁊ trouue en

651 1482 416 79 habir comme hõme.

654 1537 413 85 Gͥl sest humilie soy-

651 1593 418 84 mesmes, ⁊ a este faict

654 1651 415 82 obediẽt iusques a la

654 1713 415 76 mort, uoire a la mort

654 1768 418 82 de la croiy. Pour la-

657 1832 1582 74 qu elle chose Dieu aussi la exalte ⁊ luy a dõne le nom lequel est sur tout nom, afsin

657 1891 1579 76 que au nom de Iesus tout genouil soit flechy de ceulx qui sont au ciel, ⁊ qui sont

654 1946 1582 82 en la terre ⁊ aux enfers. Et toute l angue cõfesse que le Seigneur est Iesus Christ

657 2005 1576 76 c la gloire de Dieu le pere. Philip.. ¶ Quand uous estlez mortz en pechez, ⁊

657 2058 1573 87 en la ctrconcision de uostre chair, il uous a uiuifie auec luy, uous pardonnant toꝰ

654 2116 1585 76 les pechez, effaccant lobligation qui estoit contre nous par les decrelz, laquelle

660 2177 1576 79 noꝰ estoit cõtraire, ⁊ il la oste du millieu ⁊ la fiche a la croix, ⁊ a despouille les prin

660 2236 1579 76 cipaultez ⁊ puissances, ⁊ les a hardiment menez a honte publicquemẽt triumphãt

660 2297 740 73 de eulx par soymesmes. Colossen. ⁊.

660 2350 1579 76 ¶ Celuy qui se humilie sera exalte. Mat. ⁊z. Dr est esleue ⁊ constitue Iesus sur

660 2411 1576 76 tous qui pour nous a este faict moindre de tous. Et quãd il les benissoit, il se par.

663 2467 1570 82 iti de eulx, ⁊ fut esleue au ciel Luce. ⁊ ⁊. la mõte en hault, il a prins la capti-

663 2525 1567 76 uite qui estoit prisonniere, ll a donne dons aux hommes. Ephes.⁊. ¶l fut esse-

663 2584 1573 79 ue uoyans iceulx, ⁊ une nuee l osta de leurs yeulx. Cestuy Iesus qui est receu

663 2642 1567 79 d auec uous au ciel, uiendra ainsi comme uous l auez ueu aller au ciel. Actuũ...

663 2701 1570 87 Son regne n aura point de fin. Luce.. Sl aucun me sert, si me ensupue. Et la

666 2762 783 88 Ole suis, mon seruiteur y sera. Soan..
