2479 3508
195 228 1146 122 Lorgueil du pape sesiouyt en occision.

1391 418 479 87 Effuso hic sanguine gaudet.

1379 608 559 67 ¶Le Pape pour garder sa

1379 666 556 67 maieste faict ioustes/ ⁊ aul-

1379 719 553 76 tres ieux ou plusieurs pao-

1376 777 556 82 urement meurent/ car sil e-

1376 836 556 81 stoit bening ⁊ pitoyable aux

1376 891 553 88 paoures ⁊ familier aux bre-

1376 953 553 73 bis/ il en seroit mesprise/ cõ-

1376 1011 556 82 me il dit/ pourtant que fami

1379 1072 556 76 liarite engendre mespris. di

1373 1119 556 85 stinc.86. Quãdo. ⁊ la glosse

1379 1186 550 76 dit/ que cest enuers les folz/

1379 1251 547 70 comme sont simples gens

1371 1300 558 82 lesquelz donnent grand ar-

1368 1365 561 82 gẽt pour ung peu de papier/

1376 1423 553 73 ou de perchemin/ que le Pa-

1373 1479 559 82 pe leur enuoye/ gardãs fort

1371 1543 552 70 ce quil cõmãde ⁊ tremblans

1373 1601 553 74 en ce quil defend. Regardez

1368 1651 555 82 q̃ son decret dit de luy ⁊ des

1371 1713 549 76 siens qui uiuent ainsi q̃ luy.

1379 1774 544 79 Celuy qui nexerce office du

204 1838 1722 76 regime il nest point Euesque, mais chien impudicque.11. qõ.3. Qui nec. distinc.5. Non

198 1894 1725 79 oportet. ¶Ie susciteray ung pasteur en la terre qui ne uisitera point ce qui est separe/

195 1949 1728 73 il ne cherchera ce qui est esgare/ ⁊ ce qui est froisse il ne le querira point/ ⁊ ne entretiendra

192 2011 1699 79 point cela qͥ est sain ⁊ mangera la chair grasse, ⁊ il destruira les ungles dicelles. Zac.11.

195 2069 1728 73 ¶ Considerez chrestiens ceste paillarde babylonicque/ laquelle prent plaisir que pour la

192 2122 1728 79 mour delle le sang humain soit espãdu/ quon se tue lung lautre/ helas que peult il estime

195 2183 1728 73 ce que le bon pasteur par son sang a achepte: ⁊ est cõtraire du tout a Iesus Christ comme

195 2239 1246 79 ung larron ne uient sinon pour tuer/ perdre ⁊ destruire. Ioan.10.

198 2303 1722 73 ¶Ses decretz ne deffendent ilz que les ioustes ne soyent faictes? de torneamẽtis. c. feli-

195 2356 1719 87 cis. Uoyre le combat qui se faict pour soy purger/ non seulemẽt pour plaisir. de purga. uul.

195 2414 1722 76 cura.significatum. Et non seulemẽt ces ieux meurtriers: mais la chasse luy est deffendue.

192 2473 1725 79 distinc.34. Episcopũ. ⁊ aussi toutes ces fassons de faire/ tous ces spetacles/ ieux/ danses/

198 2531 1725 79 toutes uoluptez/ pompes/ ⁊ uanitez. Et les prestres ⁊ ecclestasticques qui sont au lieu ou

195 2590 1725 84 sentence de mort est donnee / ou en lieu auquel aucun aultrement par sentence est mis a

198 2648 1748 79 mort, il est irregulier, ⁊ fault quil soit rehabilite. distĩ.23. his. ⁊ distĩ.34. p̃sbyteri. ⁊ de cõse

192 2701 1728 93 cra. dist̃.5. Non oportet. Mais qui sont sur la terre plus põpeux/ plus adonne a ieux/ a

192 2759 1442 140 farces/ dances/ bancquetz/ ⁊ a tout ce que leur droictz mesmes deffendent?
