2479 3508
353 239 1576 129 ¶ Les faictz de Iesus Christ ⁊ du Pape, par lesquelz

362 344 1576 88 chascun pourra facilement congnoistre la grãde difference de entre eulx: nouuel-

359 397 1579 94 lemẽt reueuz/ corrigez/ ⁊ augmentez/ selon la uerite de la saincte Escripture/ ⁊ des

356 461 933 85 droictz canons/ par le lecteur du sainct Palais.

289 1248 181 93 Cum

1841 1207 179 111 Apo-

304 1318 163 96 priui

1835 1309 170 105 stoli-

306 1397 167 102 legio

1841 1391 103 91 co.

689 2373 948 88 ¶ Eusebius al Lectorem in Antithesin Christi ⁊ Antichristi.

771 2443 807 100 Quam male conueniant cum Christi pectore Iesu.

815 2508 599 64 Pontificum mores: iste libellus habet.

768 2552 638 70 Hec lege : qui uere pietatis amore teneris.

815 2595 550 68 hoc pius/ ⁊ lecto codice doctus eris.

871 2651 511 102 ¶Au lecteur Chrestien.

730 2736 848 87 Lecteur tu uois, les faictz de Iesus Christ

792 2797 719 79 En ce liuret, aussi les meurs du pape

730 2850 924 99 Christ donne tout, pour neant par son Esprit/

780 2917 862 99 Le Pape non : mais tout bien prent ⁊ happe.

827 3040 602 134 15. F. MDL. 42
