2479 3508
686 257 685 96 chiel de toute abusion.

251 336 1561 120 sons leaue aspersee du selauy peuples , asin que tous aspersez dicelle sopent san-

254 423 1549 82 cuifiez ⁊ purifiez, ce que dotbuent fatre tous les Sacrificateurs. Car si la cẽdre de

254 473 1555 94 la genisse espaise sanctifioit ⁊ netoyoit le peuple, par plꝰ forte raison leaue asper-

251 540 1567 79 see du sel ⁊ sacree par prieres diuines, sancifie ⁊ netoye le peuple. Et si le sel asper-

251 596 1564 85 se par Helisee le prophete a guery la sierllite de l eaue, par plus forte raison le sel sa-

251 654 1570 82 cre par diuines prieres ostera la sterilite des choses humaines, ⁊ sancufle ⁊ purge

251 713 1567 87 les souillez, muluiplie les bieus, ⁊ chasse les espies ⁊ aguetz du diable, ⁊ garde les

251 765 1564 85 hommes des phãtasmes ⁊ des tromperies. Uoyla les parolles de la beste, qui ain-

245 827 1561 85 si blaspheme ⁊ destruict la parolle de Dieu, ⁊ alnsi qu asi par tout il a faict. En la

248 888 1544 82 premiere Eglise tous les iours l on faisoit la cene, laquelle estoit prlnse de tous

251 944 1546 90 puis l on la mis au dimenche, apres a esie ordonne de la faire troys foys l an, puie

248 1002 1570 82 une; ⁊ le dimenche est donue le pain benici, au lieu de la cene, alnsi disent ilz. La

248 1058 1573 85 redẽpiton de Iesus ⁊ tout ce qu il a faict pour son Colises en la messe est mis a neãt

248 1119 1570 82 autant comme les papes ou peu, renuoyans a Dieu, comme ilz disent, ce qui leur

245 1178 1567 79 a dõne. Car ilz disent, offrir pour Leglise saincte catholicque, en la premiere par-

245 1233 1573 85 tie du canon, ⁊ pour la redemption des uiuans, lesquelz ilz nomment en leur pre-

245 1292 1573 81 mier memento, ⁊ pour les assistens ⁊ presens, qui sont ditz offrir auec celuy qui

245 1347 1576 88 chante la messe, ⁊ pour les aultres comme contient ledict preinier memento. Ci

242 1409 1573 81 en leur communicantes ilz fout commemoration d aultres que de Iesus, au con-

242 1464 1576 88 traire de ce que Iesus a cõmande, c est quon fist en sa commemoration. Les parolles

242 1528 1576 76 quon doibi dire a tout homme ⁊ prescher en grand uertu, sont dictes sur le pain et

242 1581 1573 85 sur le uin secretemẽt; ⁊ cest affin quelles ne soyent uilipendees ⁊ mesprisees, et

242 1645 1573 76 par semblable raison le pape ⁊ les siens se peuuẽt excuser, pourquoy ilz nont pres.

236 1695 1588 85 che Leuangile, c est affin que Leuangile ⁊ eulx aussi ne fussent mesprisez, en ce e-

233 1753 1601 100 sians plꝰ sages que Dieu, qui ueult quon crle sans cesser, ⁊ que on annõce au peu

233 1815 1567 88 ple son peche; ⁊ aussi cõtre le xpres cõmandemẽt d aller par tout le monde preschei

242 1876 1564 82 aussi Leuanglle a ioute creaiure, ce que ont faict les Apostres; ⁊ quelque mespris

239 1932 1573 85 ⁊ contemnemẽt, qui soit aduenu, non delaisse, ne parauant nostre Seigneur Ie-

242 1990 1573 88 sus preschant en grosse diigence par tout. Lon faict adorer le pain ⁊ le calice en la

242 2049 1573 82 messe, apres les parolles sacramentales comme ilz disent , lesquelles si ne sont

242 2107 1567 82 proserees deuement ⁊ auec l intention de consacrer, ⁊ sur matiere deue, le peuple se-

242 2166 1573 79 roitidolatre, adorant pour Dieu, ce qui n est poiur Dieu; car toutes les choses des-

242 2221 1570 85 sus dictes sont requises necessatrement auec ce que celuy qui profere les parolles

242 2283 1570 81 soit prestre ⁊ que le charactere luy soit imprime, pour muer le pain ⁊ en faire ung

242 2335 1567 85 Dieu; en quoy bien monstrent leur cas estre fonde sur neige ⁊ sur la sable; car se-

242 2397 1570 87 son leur doctrine mesmes tous ceulx qui oyent messe ⁊ adorent le sacrement sont

242 2458 1570 76 en dangier destre i dolaires ainsi que urayement ilz le sont, comme contient la pa

242 2519 1567 76 rolle de Dieu. Car ilz ne scauent si celuy qui chante est prestre, ne qu elle inten-

239 2569 1573 85 tion il ha; car aultre ne la scait que Dieu. Des parolles ilz ne scauent aussi, ueu
