2479 3508
917 225 875 114 Et le pape la messe controuue

657 362 1564 76 ment le pourroye direl adorant une pierre , ou quelque autre chose, Seigneur le

657 415 1567 81 te adore si tu es c este pierre ⁊ si tu ueulx en tcelle estce adore; aultremẽt te ne le abo-

660 479 1570 76 re point, laquelle adoration est cõtre Dieu ⁊ uraye idolairie, car Dieu deffend ex-

663 546 1573 73 pressement de soy incliner a chose faicte des mains des hommes. Gn teuunt ⁊ cõ-

663 599 1576 82 sessant la doctrine du Pape que a la uoiy du prestre le corps de Iesus descend du

663 654 1576 76 ciel; ⁊ qu il est realemẽt ⁊ corporellemẽt soubz les especes du pain, lequelest irãssub

663 710 1573 79 siantie au corps de Christ; ⁊ le sang aussi soubz les especes de uin, q̃ aussi esi trans-

666 768 1573 76 substantie au sang, tellement qu il n y a plus ne pain ne uin, cccy croyant ⁊ confes-

669 827 1570 79 sant, l on renonce la foy ⁊ la creance q̃ tous Chrestiens tiennent ⁊ confessent istre

669 885 1567 79 uraye; ⁊ la repute l on faulse, car tous croyõs q̃ nostre detgneur Iesus est resuscl-

663 938 1573 85 te en son propre corps, auq̃l uisiblemẽt uoyãs ses Apostres, ll est mõte es cirulx-

663 1008 1576 73 s est assis a la dextre du Pere; ⁊ de la uiendra iuger les uifz ⁊ les mortz, uenant

663 1064 1576 76 comme il est monte en gloire ⁊ mateste, ouuertement ⁊ uisiblement. Quon examt

666 1116 1579 85 ne les passages qu ilz deffendent de croyre a ceulx qui disenr icy est Christ ou la, ⁊

666 1181 1579 73 qu ilz monstrent qu il fault cercher les choses qui sont la sus ou Iesus est assis a

666 1239 1579 73 la dextre du Pere ⁊ non celles qui sont sur la ierre; comme est le sacremẽt. En q̃lle

669 1289 1573 84 escripture est cõtenu que les prestres ayent la puissance de fatre descendre le corps

669 1350 1570 79 de Iesus du ciel: qui leur a donne ne commande de muer le pain au corps de ie-

669 1409 1573 84 sus, ⁊ le uin en son sans pour l enclorre ⁊ enfermer dedans ungarmaire ⁊ le porter

669 1467 1573 79 dedans une boystex ilz ne scauroyent querir uus picd de mouche, comblen que no-

669 1531 1570 76 sire Deigneur a baille expres commandement a ses Apostres de guerir les mala-

669 1587 1579 82 des, ce que nous lisons clairement auoir esie faici; mais que on puisse satre uenir

669 1645 1579 76 le corps de Iesus, on n en trouue aucune escripture ne ꝓmesse, aultrement ne fault

675 1704 1567 82 doubter que Dieu eut plainement mousire par la saincte escripiure qu elle reuerẽ-

669 1756 1579 82 ce, ⁊ quel honneur l on doibt fatre au sacrement; ⁊ cõment il le fault adorer, ueu que

672 1818 1576 79 les salnctz Apostres ont ⁊ant parle des aultres choses, cõme des paoures, en qu el-

672 1876 1578 85 le sorte leur fault ayder, de la maniere de uiure tant en saiciz comme en ditz, affin

672 1941 1570 76 quon ulue sainctement; ⁊ quon ne scandalise son prochain n en uiande ne par pa-

672 1999 1578 70 rolle, ⁊ mesmes monstrent cõme l on doibt uentr a la table; mais les seulz Papes

672 2055 1576 79 s leurs adherens ont faict de gros cas, comme il fault cracher apres auoir receu le

675 2119 1570 76 sacrement; ⁊ si lon le uomit ⁊ iecte hors, sil est mange du tou oua moytie de qu el-

675 2174 1567 74 que; besie, sil tombe sur la terre ou sur drapeaulx, ⁊ qu elz draps il fault auoir, com-

672 2230 1576 76 bien de toyalles, ⁊ de q̃lle mariere doibt estre le callce; quon regarde les distinc iiõs

675 2288 1570 76 de consecratione, ⁊ ce que les docteurs en escripuent au quatriesme des sentences.

684 2347 1564 79 Tous les tours du prestre sont comptez, tant ceulx qui sont du tout ou a la moy-

675 2405 1573 76 ties comme s il dansoit une basse dance, toutes les mines ⁊ inclinations, baisemẽs-

672 2461 1576 76 ⁊ croiy; ⁊ cõbien de pleces il doibt faire de son paoure Dieu, laquelle il doibt met-

675 2522 1573 73 tre dedans le uin;combien que une partie des singertest le dis des ceremonies

675 2581 1573 76 sont fort changees, comme l on peult ueoir au chapitre ou ll est dit, pourquoy l on

692 2642 1567 79 saict iroys partz du corps de Christ, qui dit. Le corps du Seigneur est de troys

689 2707 1561 73 formes, la partie qui en la messe est ofserte dedans le caltce, monsire que desta le

675 2753 1575 79 corps de Christ est resuscite;la pariie mangee, le chemtnant encore sur la terre, ⁊

675 2815 1573 82 la partie qui demeure en l autel lusques a la fin de la messe, le corps au sepulchre;

675 2876 1578 120 car lusques a la sin du sicele les corps des sainctz serõt au sepulchie. Des aultres

526 2636 140 85 de cõset

523 2707 137 49 difun ⁊

534 2747 126 53 Trisor

534 2785 65 106 cie
