2479 3508
1145 245 1117 99 Iesus porte la croix en grand douleur.

648 400 328 91 Baiulat ille crucem.

564 520 532 82 ¶ Iesus doncq̃s estoit lasse

561 578 403 79 du chemin. Ioan.4.

564 643 535 76 ¶ Qui ueult uenir apres

558 695 535 85 moy renonce soymesmes/ ⁊

558 754 532 84 porte sa croix/ ⁊ me suyue.

558 815 257 73 Matthe.16.

558 865 535 82 ¶ Ilz prindrẽt Iesꝰ/ ⁊ le me¬

561 935 535 70 nerẽt dehors. Et il portoit

558 985 538 82 sa croix allant au lieu qͥ est

558 1052 465 73 nõme Caluaire. Io.19.

555 1107 541 79 ¶ Ueritablement il a porte

552 1160 544 82 noz langueurs/ il a porte

555 1227 544 79 noz douleurs ⁊ nous lauõs

555 1280 538 82 estime frappe de dieu/ ⁊ hu¬

558 1344 541 73 milie: cõbien que pour noz

555 1400 538 79 trãsgressions il soit naure/

555 1458 544 82 ⁊ pour noz iniquitez il soit

558 1517 541 73 mollu ⁊ brise/ nostre peine

555 1575 544 82 est sur luy/ ⁊ par sa basture

555 1637 541 70 noꝰ sõmes gueris. Esa.53.

555 1686 550 85 ¶ O paoure ⁊ miserable mõ

558 1754 535 67 de seras tu tousioͬs endor¬

552 1806 1707 85 my/ ne retorneras tu point au Pere plein de toute misericorde/ luy criãt mercy de ta tres¬

552 1865 1707 76 grande ingratitude ⁊ mescõgnoissance dauoir delaisse tõ sauueur/ sa parolle/ ses sainctes

555 1923 1713 76 ordõnances pour recepuoir ⁊ toy submettre au meschant larron/ ⁊ brigãt Barrabas/ qui

555 1979 1710 87 tant ta faict de mal/ ⁊ plus tasche de iour en ioͬ tẽ faire/ prins as ses decretz ⁊ cõstitutiõs

555 2037 1707 88 qͥ sont charges importables/ receu as ces ceremonies ⁊ fassons / qͥ sont choses dãnables/

555 2098 1713 91 laisse ce diable/ retorne a Iesus/ prens son ioug ⁊ sa charge legiere / aultre ne te plaise que

555 2154 1707 82 luy/ ⁊ ce quil a ordonne/ ⁊ tu auras repos en ton ame. ¶ Biẽheureux serez uoꝰ quãd les

558 2218 1713 76 hõmes uous aurõt eu en hayne/ ⁊ uoꝰ aurõt separez/ ⁊ uous aurõt faict iniures/ ⁊ auront

555 2274 1710 76 iecte uostre nom cõme mauuais/ a loccasion du filz de lhõme. Esiouyssez uous en ce iour

555 2335 1710 73 la/ ⁊ soyez en exultation: car uoicy uostre loyer est grãd au ciel. Certes telles choses fai¬

555 2388 1713 79 soyent leurs peres aux prophetes. Malheure sur uous quãd tous les hõmes uous dirõt

555 2452 1710 73 bienheureux: car ainsi faisoyent leurs peres aux faulx prophetes. Luc.6. ¶ Le disciple

555 2511 1713 73 nest point par dessus son maistre: ne le seruiteur par dessus son seigñr. Il souffist au disci

555 2569 1713 73 ple qͥ soit cõme son maistre/ ⁊ au seruiteur destre cõme son seigñr. Silz ont appelle le Pere

549 2628 1719 81 de famille Beelzebub/ cõbien plus ses domesticques? Matth.10. ¶ Courons par pa¬

558 2686 1704 76 tience a la bataille qui nous est proposee/ regardãs a laucteur de la foy ⁊ cõsommateur/ qͥ

558 2747 1710 68 pour ioye a luy proposee endura la croix en desprisant confusion/ ⁊ est assis a la dextre du

558 2803 1710 73 siege de Dieu. Mais pẽsez ⁊ repẽsez celuy qͥ a souffert telle cõtradictiõ des pecheurs a len

561 2861 1634 106 cõtre de soymesmes/ affin q̃ ne soyez ennuyez deffaillans en uoz couraiges. Hebr.12.
