2479 3508
1154 233 1000 106 Iesus a ses disciples laue le piedz.

605 499 286 111 Abluit ille pedes.

526 947 541 70 ¶ Il fault Chrestiens que

526 996 538 85 uoꝰ suyuez ce bõ Sauueur:

523 1052 541 76 car il est la lumiere du mon

523 1107 541 91 de: qui ua apres luy il ne ua

523 1166 544 88 poĩt en tenebres/ mais a la

523 1221 497 85 lumiere de uie. Ioan.8.

529 1277 540 88 ¶ Cest le filz de Dieu biẽ

523 1341 546 76 ayme/ lequel le Pere nous

523 1403 538 76 cõmãde de ouyr. Matth.17.

529 1447 543 93 ¶ Pour uray ainsi quil a la

526 1520 546 73 ue les piedz de ses apostres:

523 1578 541 76 ainsi il nous a laue en soy

523 1628 544 85 humiliãt/ poͬ nous a souf-

526 1692 546 85 fert la mort/ cõme ung pao-

526 1751 532 81 ure malfaicteur/ combien

526 1812 1713 76 quil neut iamais faict mal/ pourtant delaissant tout/ allons a luy par uraye foy/ tenans

526 1868 1160 81 sa saincte parolle/ ayans charite/ regardant ce quil nous dit.

532 1908 1707 103 ¶ Si doncques moy Seigneur ⁊ maistre ay laue uoz piedz/ uous debuez aussi lauer les

529 1984 1704 88 piedz lung de lautre. Car ie uous ay donne exemple/ affin que faciez comme ie uous ay

529 2040 1704 91 faict. En uerite/ en uerite ie uous dis/ que le seruiteur nest point plus grand que son sei-

529 2101 1704 100 gneur/ ne Lapostre/ que celuy qui lenuoye. Si uous scauez ces choses/ uous serez bien-

532 2163 745 85 heureux si uous les faictes. Ioan.13.

534 2201 1474 102 ¶ Aprenez de moy que ie suis debonnaire ⁊ humble de coeur. Matthe.11.

532 2280 1198 73 ¶ Ie suis au millieu de uous comme celuy qui sert. Luce.22.

532 2318 1707 96 ¶ Sentez en uous ce qui a este en Iesus Christ/ lequel comme ainsi fut quil estoit en la

532 2388 1704 93 forme de Dieu il na point repute larrecin estre esgal a Dieu: mais il sest aneanty soymes-

532 2446 1707 79 mes prenant la forme du seruiteur/ faict en la similitude des hommes/ ⁊ trouue en habit

532 2516 1713 120 comme homme. Il sest humilie soymesmes/ ⁊ a este faict obedient iusques a la mort/ uoy-

532 2569 678 111 re la mort de la croix. Philip.2.
