2479 3508
1233 187 985 111 En paourete/ ⁊ paix Iesus est ne.

701 333 389 125 Pace/ ⁊ inops Christus.

529 587 786 82 ¶ Lange dit/ ne craignez point/ car uoi¬

529 643 792 81 cy ie uous Euangelize grand ioye/ laq̃lle

526 710 789 73 sera a tout le peuple/ car auiourdhuy uoꝰ

526 771 792 70 est ne le Sauueur qui est Christ en la cite

529 827 789 82 de Dauid: ⁊ ce uoꝰ sera signe/ uous trou¬

526 888 789 82 uerez lenfant enueloppe en petis draps ⁊

532 944 789 82 mis en la cresche. Et incontinent auec

532 1005 792 79 Lange fut une multitude de la gẽsdarme

526 1058 801 79 rie celestielle/ louãs Dieu ⁊ disans/ Gloi

529 1119 798 82 re soit a Dieu/ ⁊ en terre paix/ ⁊ aux hom

523 1178 582 76 mes bonne uolunte. Luce.2.

532 1236 798 76 ¶ Lenfant nous est ne/ ⁊ le filz nous est

523 1292 801 84 donne/ lempire sera sur ses espaules/ ⁊ ap

529 1353 777 76 pellera son nom admirable conseillier.

532 1417 795 79 Dieu fort/ Pere eternel prince de paix/

529 1473 792 79 sõ empire multipliera ⁊ sa paix sera sans

532 1531 1704 76 fin/ il sera assis au throsne de Dauid/ lequel il confermera par equite ⁊ iustice eternelle¬

529 1590 1704 82 ment. Esa.9. ¶ Quand laccomplissement du temps fust uenu/ Dieu enuoya son filz

529 1651 1707 76 faict de la femme/ faict soubz la loy: affin quil rachetast ceulx qui estoyent soubz la loy/ a

532 1713 1701 70 celle fin que receussiõs ladoption des filz. Gala.4. ¶ Il na point en aucun lieu prins

529 1768 1704 73 les Anges/ mais a prins la semence de Abraham. Parquoy il a fallu quil ayt este sem¬

532 1824 1704 79 blable par toutes choses a ses freres: a ce quil fut faict misericordieux ⁊ Euesque fidele

532 1885 1704 76 enuers Dieu/ affin quil purifiast les pechez du peuple. Car en ce en quoy il a souffert ⁊ a

532 1944 1701 76 este tente: il est puissant aussi de ayder ceulx qui sont tentez. Hebr.2. ¶ Elle le reposa en la

534 2002 1699 73 cresche/ a cause quil ny auoit point de lieu pour eulx en lhostellerie. Luce.2. ¶ Les re¬

534 2058 1702 78 gnardz ont des fosses/ ⁊ les oyseaulx du ciel des nidz: mais le filz de lhomme na point

537 2122 1696 90 ou il repose son chief. Luce.9. ll a este faict paoure pour uous/ comme ainsi soit quil fust

537 2180 1252 73 riche: affin que par sa paourete/ uous fussiez enrichis. 2.Corin.8.

543 2221 1693 91 ¶ Uoyez mes freres en quelle paourete/ ⁊ humilite nostre Seigñr/ qui est Roy des Roix/

537 2294 1693 76 ⁊ le Seigneurs des Seigneurs est ne: ouurez pour Dieu les yeulx de uoz espertiz ⁊ con¬

543 2350 1690 79 templez ce que Leuangeliste dit en peu de parolles: car comme serf ⁊ subiect aux princes

543 2411 1687 76 ses parens sont allez en Bethleem pour estre escriptz auec les aultres. Ueu quil est Roy/

543 2476 1690 70 ou est son palays/ ou sont ses escuyers? ou sont les beaulx draps de ueloux/ de sayes/ dor/

546 2528 1690 79 dargent/ cõme nous uoyons auiourdhuy que a le Pape ⁊ les siens/ ⁊ les paoures de Ie¬

543 2592 1690 103 sus Christ sont tous nudz. Il est ne au tẽps de paix/ ⁊ a sa natiuite la paix a este annon¬

543 2645 1053 129 cee. Mais tout est trouble par le Pape ⁊ ses satellites.
