2479 3508
1128 222 1137 143 Iesus repaist ses brebis amiablement.

657 464 360 100 Pascit oues Christus.

648 748 457 70 ¶ Quand il trouue la

622 800 477 77 brebis perdue/ il la met

619 862 477 102 sur ses espaules sesiouys-

613 915 304 84 sant. Luce.15.

616 961 483 94 ¶ Il uit grande multi-

616 1031 489 88 tude/ et fust meu de pitie

613 1099 492 79 sur eulx/ car ilz estoyẽt

613 1154 489 73 comme brebis qui nont

616 1210 491 82 point de pasteur. Et com

613 1271 486 76 mẽcea leͬ enseigner plu-

616 1333 489 70 sieurs choses. Et quand

613 1388 489 79 il eut prĩs les cinq paĩs/

610 1447 495 70 et les deux poissons/ il

608 1496 488 82 esleua ses yeulx au ciel/

608 1563 491 76 ⁊ rendit graces ⁊ rompit

608 1622 494 70 les pains/ ⁊ les bailla a

608 1677 491 82 ses disciples: affin quilz

610 1736 483 73 les missẽt deuãt iceulx/

610 1794 1649 82 ⁊ departit les deux poissons a tous. Et ilz mangerent tous/ ⁊ furẽt rassasiez. Mar.6.

672 1856 1593 76 ¶ Ie suis le bon pasteur allant deuant mes brebis/ lesquelles ie paistz/ mettant

605 1920 1657 76 mon ame pour elles/ ⁊ si le loup uient ie ne men fuys pas/ car ie ne suis pas merce-

605 1979 1657 76 naire. Io.10. ¶ Nul na plus grande dilection que ceste: quand aucun met son

605 2031 1654 82 ame pour ses amys. Ioan.15. ¶ Il donra pasture a son troupeau comme ung

602 2090 1654 84 pasteur par son bras/ il assemblera les aigneaulx ⁊ les portera en son sein. Esay.40.

672 2151 1590 73 ¶ Le bon sauueur a ce inuite tous chargez ⁊ trauaillez pour uenir a luy ⁊ estre sou-

605 2210 1657 73 lagez. Matth.11. ¶ Et tous qui ont soif quilz uiennent a luy/ ⁊ quilz boyuent

608 2268 1651 76 Ioan.7. ¶ Cecy ont suyui les urays disciples de Iesus Christ non pas Iudas

608 2329 1651 76 qui estoit larron/ duquel sont successeurs le Pape ⁊ les siens: mais S. Pierre ⁊ les

610 2385 1649 76 aultres/ auquel Iesus dit. Pierre me ayme tu. Auquel quand il eu respõdu: Seigneur

608 2440 1651 79 tu scais que ie tayme/ Iesus Christ dit: Paistz mes brebis: lesquelles il a nourry de

610 2502 1649 85 la parolle de Dieu/ a quoy faire aussi exhorte les aultres: disant/ Nourrissez le trou-

605 2566 1654 67 peau de Dieu qui est entre uous: pouruoyans non point par contraincte: mais uo-

608 2628 1651 70 luntairement/ non point deshonnestement appettant gaing: mais uoluntairement/

608 2683 1648 79 non point comme ayant seigneurie sur le clerge/ mais en sorte que uous soyez lexem-

608 2742 1651 108 plaire du troupeau. Et quãd le prince des pasteurs apparoistra uoꝰ receurez la coron-

605 2800 730 114 ne incorruptible de gloire. 1.Pet.5.
