2479 3508
982 198 941 141 Et le Pape la messe controuue.

675 353 1578 65 cõmuniquer au calice/ cõme au pain/ ueu que nostre Seigneur expressement com¬

675 400 1570 79 mande que tous en boyuent/ disant: beuuez de cestuy tous: ⁊ tous en beurent/ com¬

678 456 1572 87 me recite S. Marc. Et nostre Seigneur ne dit point bayez ou ouurez la bouche/

684 520 1569 82 ⁊ gardez uous de toucher: mais dit/ prenez ⁊ mangez. Parquoy clerement est con¬

681 567 1572 90 gneu/ que celuy concile est hereticque ⁊ reprouue de Dieu/ irritant ⁊ mettãt a neãt

681 628 1575 88 le sainct commandement de Iesus pour leur meschante conclusion ⁊ arrest/ ⁊ non

681 698 1578 79 seulement le commandement de Dieu: mais leurs malheureux decretz/ qui com

686 754 1567 73 mãde quon prẽne le pain/ ⁊ le calice entieremẽt/ ou quon se abstiẽne de tous deux.

692 806 1567 85 Il est dit que la messe est comme ung iugement/ une court/ une iustice. Le canon est

695 862 1567 79 laction ⁊ le demainement de la cause ⁊ du plait/ loratoire est le pretoire/ laudiẽce le

686 926 1567 79 lieu de iustice/ Dieu est le iuge: le diable est laccusateur/ les ministres/ sont les tes¬

692 982 1567 85 moingz: le sacrificateur/ cest adire celuy qui faict loffice sacerdotal/ est laduocat ⁊

689 1046 1564 73 le deffenseur/ il est Moyse/ qui faict les allegatiõs pour la cause du peuple/ par son

686 1099 1576 82 patrocine la fallace de laccusateur est confutee/ nostre innocence demonstree ⁊ ab¬

684 1160 1584 88 solue/ lire du iuge appaisee ⁊ par misericorde la coulpe est remise. Cõferez ces pa¬

686 1216 1579 81 rolles a ce que nostre Seigneur a dit de sa cene/ commandant quelle fut faicte en

689 1271 1576 94 sa memoire/ ⁊ nottez les motz que Iesus a dit des faulx Christz ⁊ uerrez estre ac¬

695 1330 1567 81 complis es prestres du Pape/ qͥ biẽ sappellent sacerdotes/ cest adire sacrificateurs/

698 1385 1567 88 car ilz sont telz/ ⁊ non presbyteri: prestres/ cest adire anciens/ comme ilz doibuent

698 1452 1573 73 estre/ ainst que S. Paul en a escript: Loffice du uray Christ cest estre aduocat/ in¬

695 1511 1576 79 tercesseur pour le peuple/ ⁊ moyenneur entre Dieu ⁊ les hommes. Et tel est nostre

701 1572 1567 76 Seigneur Iesus/ qui a prins nostre cause ⁊ est nostre patrocinateur/ nostre pa¬

707 1619 1567 88 tron: nous sommes en sa sauue garde/ il a destruict toute la puissance diabolicque/

704 1686 1561 76 nous faisant innocens/ ostant loblige qui nous estoit contraire faisant la paix/

698 1745 1567 87 par lequel grace ⁊ uerite nous est donnee. Et le chanteur de messe ueult auoir tout

698 1794 1579 88 cecy en iouant de passe passe/ pourtant quil est bien desguise auec son beguin pour

698 1862 1576 76 dormir deux foys/ apant la chemise sur la robbe/ tant sont ingratz les papistes

698 1914 1576 85 quilz nont honte de dire ⁊ penser/ que le prestre face ce que Iesus seul a peu faire/ ⁊

701 1982 1573 76 a parfaict par sa mort ⁊ passion. Comment nont honte ces paoures pecheurs de

701 2037 1573 82 soy mettre au lieu du filz de Dieu/ ⁊ soy appeller mediateurs de Dieu ⁊ des hom¬

701 2093 1576 79 mes? ainsi comme cotiennent leurs oraisons que communement ilz disent deuãt

701 2151 1570 76 la messe/ ⁊ comme la messe aussi donne a entendre/ laquelle nest que pour faire di¬

704 2201 1573 99 uision ⁊ separation comme si nous nestiõs toꝰ freres rachetez dung mesme pris/

704 2265 1573 82 nayant/ tous ung mesme acces au pere: mais que les ungz comme tresdignes

707 2329 1570 85 soyent pres ⁊ au dessus/ ⁊ les aultres comme indignes ⁊ reiectez soyent loing/ ne

707 2388 1576 76 osant approcher ne faire la cene comme les aultres/ laquelle chose nest que secte

704 2446 1579 85 ⁊ diuision. Les prestres ne prennent ilz continuellement le pain ⁊ le calice a part

707 2502 1573 82 ⁊ seulz/ faisans contre lordonnance de nostre Seigñr? pource ilz ne peuuent man

713 2560 1567 91 ger la cene de nostre Seigneur/ laquelle doibt estre prinse ⁊ faicte de tous ensem¬

716 2622 1567 79 ble/ silz ne la sont/ ⁊ si ce nest la cene de nostre Seigneur/ de qui sera elle? La proba¬

716 2689 1567 76 tion du Pape est soy confesser de tous les pechez quon a commis de pensee/ de pa¬

719 2753 1546 68 rolle ⁊ de faict/ ⁊ les dire a son propre cure a tout le moins une foys lan/ ⁊ accom¬

724 2800 1559 126 plir sa penitence: ⁊ apres la confession ⁊ satisfaction puisent uenir aux sacremẽs

719 2864 1567 71 ⁊ communicquer. De la probation de laquelle parle le S. Apostre nest point de

719 2923 1564 70 mention: ne aussi de asseurer les consciences destre deliurees par soy/ laquelle el¬

710 2973 1561 119 les ont en Iesus/ par laquelle les coeurs sont purgez ⁊ nous sommes iustifiez.

529 476 143 76 mat.26.

532 534 143 106 ma◊14.

543 792 143 70 De ꝯsec.

546 838 129 65 distin.2.

532 874 149 73 comperi¬

549 926 94 59 mus.

549 964 108 67 Ratio.

546 1008 120 70 diuino.

546 1052 120 64 officio.

543 1087 129 76 libro.4.

555 1467 134 76 1.timo.3.

555 1523 126 64 Titũ.1.

552 1561 137 61 1.Ioã.2.

555 1601 134 71 Rom̃.8.

552 1645 137 59 1.timo.2.

552 1683 152 70 Colos.2.

558 1733 134 64 Ephe.2.

561 1774 123 73 Ioan.1.

561 2666 131 58 Extra.

570 2701 140 64 de peni. ⁊

575 2753 114 59 remissi.

570 2747 143 106 Omnis

570 2835 134 59 utriusqꝫ

570 2870 134 62 sexꝰ. ⁊ de

572 2920 141 58 peñ. di.1.

570 2955 134 64 Multi¬

567 3005 108 99 plex.
