2479 3508
230 257 1249 90 Ausquelz le pape tout liure pour deniers.

1482 362 315 67 Quos accipit ille.

1397 418 555 78 ¶ Le filz de perdition cest

1397 476 547 79 Lãtechrist/ qui se sied au tẽ¬

1394 534 555 71 ple de Dieu (es coeurs des

1394 593 555 82 hõmes) se exaltãt sur Dieu:

1391 651 561 79 ⁊ se mõstrãt cõme Dieu/ cõe

1397 710 529 73 S.Paul a p̃dict. 2.Tes.2.

1435 768 514 76 Car il a change toute or¬

1391 824 564 76 dõnance diuine/ cõe Daniel

1391 882 561 76 la dit/ supprimant la saincte

1394 947 558 76 Escripture/ uẽdant indulgẽ¬

1391 1002 561 73 ces ⁊ remissions/ mainte¬

1391 1058 561 76 nãt dune partie/ maintenãt

1394 1119 552 73 de tous pechez: ⁊ aussi dispẽ¬

1391 1172 561 79 sations par lesq̃lles il se glo¬

1391 1233 561 76 rifie/ qͥl peult dispenser cõtre

1394 1292 558 79 Dieu/ son Euangile/ ⁊ les

1394 1359 558 76 Apostres/ comme notẽt ses

1394 1417 555 79 glossateurs. 34.dist. Lector.

1391 1473 555 73 ⁊. 15.q.6. Iuratos. Et extra.

1391 1528 558 76 De uoto ⁊ uoti redẽp. ꝑto¬

1391 1593 555 73 tũ. Car il faict que le serui¬

1391 1648 561 79 teur ne soit poĩt tenu destre

1394 1707 558 82 soubz son seigñr ainsi quil a

1394 1768 552 79 iure/ quest cõtre S. Pierre.

233 1792 1716 114 1.Pet.2. Et si change les ueufz ainsi q̃l ueult/ ⁊ ueult q̃ ce quil ordõne soit receu cõme de

233 1876 1719 82 la bouche de Dieu. 19.di. Si omnes. Il uend ⁊ trafficque tout/ il dãne les sauuez/ ⁊ faict

233 1941 1713 79 sainctz les dãnez/ il mauldict iusques a la tierce ⁊ quarte generation/ faisant les choses

236 2002 1708 76 droictes ou tortues cõe il ueult/ cõmãdant q̃ personne nen parle ne en doubte. 17.q.4. Ne¬

233 2058 1713 78 mini. De penitẽ. dist.3. S. ex ꝑsona. Et par ses liures il cõdemne tous ceulx qͥ dõnent ⁊

233 2119 1711 85 prẽnent q̃lque chose poͬ graces/ ordres/ ⁊ telz cas anathema danti. ⁊ recipiẽti. 1.q.1. ⁊ q̃ on

233 2172 1713 87 ne doibt riẽ recepuoir pour les ordres/ poͬ la chresme/ poͬ le baptesme/ baulme/ sepulture/

233 2236 1716 79 ou cõmunion. 1.q.1. Dictũ est. ex ꝯcil. Tuburiẽsi. Ne encores quãd on les cõtraindroit de

233 2294 1716 85 prẽdre: 13.q.2. postꝗ̈ pretio. Dõt il est patẽt que les simoniacles/ cõme premiers ⁊ princi¬

233 2350 1713 82 paulx hereticques doibuẽt estre reiectez ⁊ chassez de tous fideles. qõ. ulti ¶ La peruerse

233 2408 1713 79 heresie de Macedoniꝰ ⁊ de ceulx qͥ a lentour de luy sont repugnãtz au S. Esprit/ est plꝰ

233 2467 1719 87 facile a endurer q̃ symonie. Car ces hereticques par leurs resueries cõfessent le S. Esprit

233 2528 1713 76 estre creature/ ⁊ seruiteur du Pere ⁊ du Filz: mais ces symoniacles font iceluy mesme S.

233 2584 1719 76 Esprit seruiteur. 1.q.1. c. Eos. Gregoriꝰ in registro. ¶ Puis q̃ ainsi est que auarice est serui

233 2642 1713 79 tude des idoles/ qͥconq̃ ne se garde dicelle en dõnãt les dignitez ecclesiasticq̃s il sera sub¬

233 2704 1716 70 iect uulgairemẽt a la perditiõ de infidelite/ cõbien q̃ semble tenir la foy laq̃lle il mesprise.

233 2759 1719 79 Beda in .2. episto. Petri. ⁊. 2.qõ.7. Secuti sunt uiam Balaam. ¶ Plusieurs catholiq̃s

233 2821 1719 73 aymẽt tant le loyer diniquite/ q̃ les scauãs mesme sont reprins des ignares/ ⁊ les clercz

233 2876 1719 73 des laiz. Car ilz corrõpent la parolle de uerite pour lamour de la pecune/ ⁊ des desirs tẽ¬

233 2932 1719 87 porelz. Ilz plongẽt ⁊ perdẽt leurs auditeurs ausq̃lz ilz ne preschent pas choses salutaires

236 2999 1257 102 qͥ les corrigent: mais choses pleines derreurs qui leur cõplaisent.

1563 3037 252 105 D .iii.
