2479 3508
596 222 614 131 de la mort ⁊ passion.

219 339 1573 108 nous nettoye de tout peche. Iesus Christ qui est fidele tesmoing/ premier ne des

219 426 1575 73 mortz/ ⁊ prince des roys de la terre/ lequel nous a ayme/ ⁊ nous a laue de noz pe¬

210 482 1576 79 chez en son sang/ ⁊ nous a faict roys ⁊ sacrificateurs a Dieu ⁊ a son Pere. Christ

219 549 1581 70 est chief de Leglise: ⁊ iceluy est le sauueur de son corps. Christ a ayme son Eglise: ⁊

216 602 1584 84 sest donne soymesmes pour elle: affin quil la sainctifiast/ la nettoyant par le laue¬

222 663 1578 79 ment de leaue/ par la parolle de uie/ affin quil rendit a soy Leglise glorieuse nayãt

216 719 1578 73 quelque tache ou ride / ou aucune telle chose: mais affin quelle soit saincte ⁊ sans

213 774 1573 88 tache. Auoir faicte la purgatiõ des pechez par soymesmes/ est assis a la dextre de

213 830 1581 82 la maieste aux lieux haultz/ Iesus dit. Ie suis le pain de uie/ qui uiẽt a moy il nau

219 891 1578 85 ra point faim/ ⁊ qui croit en moy/ il naura iamais soif. Tout hõme qui uoit le filz

213 955 1581 79 ⁊ croit en luy/ a la uie eternelle: ⁊ ie le resusciteray au dernier iour. Qui mãge ma

216 1008 1578 79 chair ⁊ boit mon sang/ il a la uie eternelle/ ⁊ ie le resusciteray au dernier iour. Qui

216 1072 1576 73 croit en moy il a la uie eternelle/ Lesprit est qui uiuifie/ la chair ne proffite riens/

207 1125 1579 76 les parolles lesquelles uous ay dictes/ sont esprit ⁊ uie. Si aucun uous dit/ icy est

207 1189 1567 73 Christ/ ou il est la/ ne le croyez point/ car faulx Christz se leuerõt ⁊ faulx prophe¬

213 1245 1581 73 tes/ ⁊ feront grandz signes ⁊ prodiges/ tellement q̃ les esleuz mesmes (sil se peult

207 1297 1585 85 faire) soyent induitz a erreur. Si donc ilz uous disent/ uoicy il est au desert/ ny sor

216 1365 1576 73 tez point/ uoicy il est es interieures parties de la maison/ ne le croyez poĩt: car ain¬

213 1420 1579 76 si que lesclair sort de orient ⁊ apparoist iusques en occident/ ainsi sera laduenemẽt

210 1476 1570 82 du filz de lhomme. Iesus qui est receu dauec uous au ciel/ uiẽdra aussi cõme uous

216 1537 1564 85 lauez ueu aller au ciel. Entretant que les temps de repos de la presence du Sei¬

213 1593 1579 76 gneur Dieu uiendront/ ⁊ quil enuoyera Iesus Christ/ qui parauant uous a este

210 1651 1584 76 aunonce/ lequel il fault que le ciel receoiue iusques au temps de la restitution de

213 1713 1567 81 toutes les choses que le Seigneur Dieu a parle par la bouche de ses sainctz pro¬

201 1771 1576 82 phetes des le cõmencemẽt du siecle. Et apres q̃ le Seigñr Iesꝰ eut parle a eulx/ il

210 1830 1573 84 fut receu au ciel/ ⁊ se sied a la dextre de Dieu. Si uoꝰ estes resuscitez auec Christ:

213 1888 1576 73 cerchez les choses qui sont denhault/ ou Christ est seãd a la dextre de Dieu/ pen¬

207 1941 1570 81 sez les choses denhault/ ⁊ non les choses qui sont sur la terre. Lheure uient ⁊ des

216 2005 1576 76 maintenant est/ quand les urays adorateurs adoreront le Pere en Esprit ⁊ uerite:

213 2060 1579 79 car le Pere quiert telz adorateurs/ Dieu est esprit ⁊ fault que ceulx qui ladorent/

216 2125 532 70 ladorent en esprit ⁊ uerite.

219 2177 1573 85 ¶ Par cecy ung chascun uray Chrestien peult entendre la pure saincte ⁊ honno¬

216 2248 1581 70 rable ⁊ digne institutiõ de la saincte table de la saincte Cene de nostre Seigneur

216 2300 1567 76 Iesus lequel il fault croire estre plus parfaict puissant/ bon/ ⁊ sage que tous/ telle¬

216 2356 1576 79 mẽt qͥl nappartient a personne le corriger ne chãger chose qͥl aye institue ⁊ ordon¬

216 2420 1573 79 ne: ⁊ celuy qui presume aultremẽt ordõner ⁊ faire que Iesus na cõmãde/ il est uray

213 2473 1579 81 Antechrist/ ⁊ cõme tel sentira ⁊ portera amer iugemẽt de dãnation eternelle. Il ne

210 2534 1579 76 fault doubter que les sainctz Euãgelistes ⁊ Apostres ne soyẽt urays ⁊ fideles tes¬

213 2592 1576 77 moingz/ qui ont escript la pure uerite cõme ilz saccordẽt a ung mesmes sens/ com¬

213 2648 1579 79 bien que les uoix ⁊ parolles soyent differẽtes/ car ne fault pẽser des sainctes escri¬

207 2712 1582 79 ptures cõme font les enchãteurs de leurs enchãtemẽs/ sy une syllabe estoit laissee/

213 2768 1576 73 ou ung signe de croix/ qui ne fust faict/ que tout ne uauldroit riẽs. Le tout est que

210 2832 1576 70 tous ceulx qui prẽnent dung mesme pain/ ayẽt souuenãce de la mort ⁊ passion que

213 2888 1576 73 Iesus a porte pour nous/ nous rachetãt ⁊ purgeant par son sang precieux: ⁊ aussi

210 2943 1582 73 tous dune foy ⁊ dung mesme uouloir/ aymant les ungz les aultres/ cõme Iesus

207 3008 1585 99 nous a aymez/ soyõs tous uns. Et ne fault uenir indignemẽt a ceste saincte table/

1800 362 117 82 Apoc.1.

1789 473 146 99 Ephe.1.

1794 757 123 87 Hebre.1.

1797 824 135 76 Ioan.6.

1789 1110 122 97 mat.24.

1789 1183 160 117 Mar.13.

1789 1297 131 85 mat.24.

1780 1470 152 123 Actuũ.1.

1777 1534 152 67 Actuũ.3.

1780 1756 152 82 mar.16.

1783 1830 152 73 Colos.3.

1786 1941 146 93 Ioan.4.

1435 3063 222 88 E .iii.
