2479 3508
1093 233 1122 88 Sur lasne uient Iesus doulx ⁊ bening.

549 514 453 111 Chistus mansuetus uenit.

549 871 529 79 ¶ Leuez uoz yeulx a la

549 929 526 73 uraye clarte ⁊ lumiere Ie-

546 988 535 76 sus/ lequel faict son entree

546 1049 532 73 en la cite rebelle qui a resi-

546 1107 535 82 ste tousiours a uerite/ de la-

549 1157 535 88 quelle Iesus a uoulu assem

543 1219 541 87 bler les enfans/ comme la

549 1283 532 79 geline assemble ses petis: ⁊

546 1338 538 79 ne la point uoulu. Mat-

546 1397 532 85 thei.23. Et pourtãt Iesus

546 1455 538 76 uoyant la cite a pleure sur

543 1514 351 79 icelle. Luce.19.

543 1572 532 79 ¶ De si grande doulceur ⁊

546 1631 532 84 misericorde est le bon Sau-

546 1680 535 91 ueur/ ne cessant ⁊ ne delais-

549 1751 532 76 sant de bien faire uoyre a

549 1803 1713 82 ses ennemys quelque iniure ⁊ quelque oultrage quon luy aye faict/ lapellant demonia-

543 1868 1687 70 cle/ Samaritain/ faisant les uertus en la puissance de Beelzebub. Ioan.8. Matth.12.

546 1923 1719 88 ¶ En ceste entree du tresgrand Ros ny est la grosse cheualerie/ en laquelle sont plusieurs

546 1984 1652 74 tuez/ ne les grandes bardures/ mais lasnesse auec aucuns uestemens des Apostres.

543 2040 1716 79 Les gensdarmes armez ⁊ braues triumphans auec tous instrumens de musicque/ trom-

546 2098 1719 85 pettes/ tabourins/ ⁊ gros bruit de lartillerie/ dequoy tout tremble/ ne sont point icy: mais

546 2160 1716 76 les paoures gens/ ⁊ petis/ touchez du S. Esperit/ chantent/ louans Dieu/ iectãs leurs

546 2215 1716 79 robbes a terre/ ⁊ rompans rameaulx de palme/ ⁊ de oliue/ les iectãs a terre/ les gros prin-

546 2274 1716 76 cipaulx gouuerneurs de la uille/ ⁊ gens scauans pour haranguer en offrant les clefz/ ⁊

546 2335 1713 85 toute la uille ne uiennent au deuant/ mais sont marrys de lhõneur quon faict a Iesus/

549 2388 1716 85 commandant quon se taise. Matthe.21. Mar.11. Luce.19. Ioan.1.2. ¶ Regardez

552 2455 1687 79 si tout le contraire nest trouue aux Papes/ pensez ce que disent les parolles de Dieu.

552 2511 1687 76 Uoicy ton Roy uient a toy debonnaire/ se seant sur lasnesse et lasnon. Matthe.21.

552 2566 1713 79 ¶ Ainsi Iesus est uenu monte sur une asnesse empruntee paoure/ doulx/ ⁊ begnin/ non

552 2622 1707 85 pas pour estre seruy mais pour seruir: Matthe.20. Non pas pour perdre les ames/

549 2683 1713 88 mais pour les sauuer. Luce.9. Non pas pour iuger le monde/ mais pour sauuer le

546 2750 392 85 monde. Ioan.12.
