2479 3508
195 210 1216 108 Lorgueilleux pape a guerre est addonne.

1467 344 357 97 Strepitu uenit ille

1476 429 137 56 minaci.

1397 578 549 76 ¶ Malheur a la terre ⁊ a

1388 631 553 76 la mer/ car le diable est de¬

1391 695 550 82 scendu a uous/ ayant grã¬

1391 754 555 76 de ire/ sachant quil a peu de

1394 806 552 79 temps. Apoc.12. ¶ Quand

1394 868 552 79 il est courrouce il frappe le

1391 920 558 97 peuple de playe incurable

1394 988 552 76 en sa fureur/ subiugant les

1394 1043 550 82 gẽs/ persecutãt cruellemẽt.

1400 1105 549 87 Nest ce poĩt celuy qͥ a espou

1397 1172 549 67 uante toute la terre? qui a

1397 1221 547 88 du tout esmeu les Royaul¬

1397 1289 552 73 mes? qͥ faict le monde ung

1391 1347 558 76 desert? il a destruict les uil¬

1388 1403 561 82 les/ ⁊ na point laschche les

1394 1461 555 82 captifz. Tu as destruict tõ

1397 1520 549 84 pays/ tu as tue ton peuple.

1397 1584 237 76 Esaye.14.

1397 1637 555 84 ¶ Ne pensez que ceste guer¬

1394 1701 552 73 re aye este faicte/ ⁊ telle effu

1400 1756 544 88 siõ de sang par Iulle/ Leõ/

207 1809 1742 97 ⁊ Clement qui a aussi trahy son pays/ ⁊ sa uille de Florence ⁊ de ses semblables/ certai¬

213 1879 1733 82 nement les hypocrites Papes par leurs doctrines peruerses ont plus tue que ceulx icy

213 1938 1728 82 du glaiue/ esquelz cõpete tout ce qui est dit des faulx prophetes et seducteurs qui sont ap¬

210 1990 1742 94 pellez larrons ⁊ meurtriers. Ioan.10. Hiere.23. Ezechi.13.34. ¶ Et en leurs decretz est

213 2058 1713 76 dit/ si tu conseille a ton frere mauuaises choses/ tu le tue. de penitẽ.distin.1.Noli putare.

216 2116 1733 79 ¶ Oyons comme le Pape incite les gens a la guerre. Nous absoluons tous spiritiuelz

216 2174 1728 82 de tous sermens quilz ont iure en leur prinse/ commandans que non tant seulement du

216 2233 1733 91 glaiue spirituel doibuent user/ mais aussi du temporel/ iusques a ce quilz ayent receu toꝰ

216 2291 1733 79 leurs biens temporelz. 15.q.6.c.Autoritatẽ. Nous dõnons le Royaulme des cieulx a toꝰ

213 2350 1736 82 ceulx qui mourront en ceste bataille. 23.q.5.c.Omnium. ⁊. 23.q.8.Omni. Ainsi le Pape

216 2411 1736 82 conferme les coeurs pour hardiment se uenger ⁊ espandre le sang humain/ cõtre le com¬

216 2467 1733 93 mandemẽt de Dieu. Mat.5. Rom̃.12. ¶ Et aussi cõtre ses decretz par lesquelz il a deffen

216 2525 1736 79 du a tout Euesque quil ne plaidoye point poͬ chose transitoire/ mesmes quand il seroit ti

216 2587 1733 79 re en cause. 12.q.1.Episcopus. Toute guerre aussi leur est deffendue/ ⁊ que pour eulx per¬

216 2648 1736 76 sonne ne prenne armes/ ⁊ nul clerc ne doibt auoir armes ne les porter. 23.q.8.Cum a Iu

216 2704 1733 81 deis.Non pila.Clerici qui reprehensibile. ¶ Considerez les horribles guerres ⁊ ma¬

219 2765 1725 79 chinations que les Papes ont faictes/ ⁊ leur grosse arrogãce/ cõme celle de Boniface.8.

219 2826 1733 85 lequel par troys foys requis de donner la coronne de Lẽpire a Albert/ dit quil nen feroit

222 2885 1730 90 rien/ ayant le glaiue au couste auec le bauldrier darmes dit quil estoit Empereur de Rom

225 2949 461 102 me/ ⁊ de tout le monde.

1628 2996 190 91 C iii.
