2479 3508
306 257 1056 102 Mais le Pape par force le faict sien.

1394 426 304 91 Sed presul suscipit

1426 494 108 84 urbes.

1385 660 404 70 ¶ Le Pape excom¬

1385 722 407 67 munie toꝰ uicaires/

1382 780 412 67 ⁊ tenãs aucune cho¬

1382 836 412 73 se de Lempire si du

1382 894 410 79 tout ne se demettent

1379 944 413 82 laissantz tout ce qͥlz

1379 1011 407 82 tiennent/ cassant toꝰ

1379 1069 413 85 sermens/ ⁊ iuremẽs

1385 1137 404 73 faictz du peuple a i¬

1385 1192 407 82 ceulx: ⁊ pour le ueoir

1385 1254 407 79 plus a plein quon re¬

1385 1309 409 76 garde le chapitr. Si

1388 1368 406 81 de fratrũ. qui est du

1382 1435 418 76 pape Iehã.xxii. Ne

1382 1487 410 85 sede uac. aliquid in¬

1385 1543 409 79 nouet̃ extrauag. Si

1385 1604 407 82 de fratrũ. Et oyez en

1382 1666 412 76 cores cõme il se ma¬

1385 1715 415 85 gnifie/ ⁊ aneantist la

1385 1777 412 88 puissance de Lempe¬

216 1841 1578 79 reur/ disant: Nous sans doubte auons superiorite sur Lempire/ ⁊ iceluy uacant

219 1900 1573 82 nous luy succedons/ ayans plenitude de puissance/ laquelle le Roy des roys/ ⁊ le

222 1961 1567 82 Seigneur des Seigneurs nous a donnee/ le Roy aussi de Cecile nous est sub¬

216 2017 1564 87 iect iusticiable/ ⁊ nostre uassal/ tenant de nous son Royaulme ⁊ terres. in Clemen

216 2081 1564 82 ti. de senten. ⁊ re iudica. Pastoralis. Lempereur Cõstantin nous a donne Lem¬

222 2134 1552 84 pire doccidẽt/ la courõne/ ⁊ le mãteau de pourpre/ ⁊ tout ce que appartiẽt a la digni¬

216 2189 1564 85 te Imperiale. 12.q.1. Futuram. ⁊ dist.96. Cõstãtinus. Les Empereurs doibuent

225 2256 1555 79 estre subiectz aux Euesques non point auoir preminẽce. dist96. Si ĩperator. Les

216 2309 1564 82 p̃stres sõt maistres ⁊ peres des princes. dist.96. Quis dubitet. ¶ Regardez chre¬

222 2379 1570 76 stiens si tout le droict Canon ne tache a cela de destruire tous Roys. Empereurs/

219 2432 1570 79 ⁊ Seigneurs/ ⁊ leur oster le glaiue/ leq̃l Dieu leur a dõne/ cõme S. Paul dit aux

219 2490 1573 73 Rõmains.13. pour accomplir ce que dit S. Pierre/ que se sont auteurs de sectes/ cõ¬

216 2546 1573 73 me est le Pape ⁊ les religieux/ qui contẽnẽt la domination. 2.Pet.2. ¶ Quõ re¬

219 2607 1570 76 garde la uie de Boniface .uiii. cõme il sest porte enuers les Empereurs/ ⁊ la uie de

216 2657 1570 93 Hildebrãt grãd magiciẽ/ quon appelle Gregoire septiesme/ quest ce qͥl na faict poͬ

216 2712 1567 82 destruire Lẽpire? cõbien tous les Papes ont este a Lẽpire? ⁊ les grandz tors qͥlz

216 2780 1570 76 ont faict aux droictz ⁊ naturelz seigñrs leurs ostãt leurs seigneuries ⁊ royaulmes/

216 2838 1567 76 les dõnant aux traistres qͥ maintenissent les Papes? ¶ O princes quand aurez

219 2899 1570 74 uoꝰ yeulx de recõgnoistre celuy qui cõmande quon uoꝰ rende ce quon uoꝰ doibt/ ne

219 2958 1289 96 uoulant usurper ne uoꝰ oster uostre puissance. Luc.12. Mat.17.22.

1794 1996 141 108 De ceste

1792 2078 102 64 faulse

1789 2110 140 76 donatiõ

1797 2163 91 67 uoyez

1794 2201 123 70 Laurẽs

1794 2248 129 70 ualle en

1794 2297 135 85 sõ liure.
