2479 3508
654 245 1617 88 Iesus la cene ordõne/ en memoire de la mort ⁊ passion.

681 397 605 85 comme font tous ceulx qui ne

678 458 608 85 sont incorporez ⁊ inserez a Ie¬

675 508 614 88 sus par uiue foy/ a quoy chascũ

675 578 608 76 doibt regarder sil a uraye foy:

675 634 608 82 car aultre ne le peult scauoir q̃

672 695 611 79 celuy qui la/ ⁊ ainsi il se doibt

672 754 614 79 prouuer soymesmes/ non pas

675 812 611 82 que ung aultre le prouue/ ne qͥl

672 874 617 70 soit cerche quen son coeur. Il ne

672 932 608 79 fault que personne soit mespri¬

669 985 617 87 se/ ⁊ que lon face ⁊ donne aultre-

672 1049 617 82 ment la table de nostre Seigñr

669 1105 620 73 a ung que a lautre: mais a tous

669 1160 617 85 dune mesme sorte en ung mes¬

672 1224 620 79 me temps/ cest quon attende

672 1286 620 70 lung lautre/ prenans toꝰ dung

669 1341 611 79 mesme pain/ ⁊ dung mesme ca¬

669 1400 623 76 lice. Le pardon ⁊ absolutiõ des

666 1455 626 88 pechez est par la foy quon ha a

669 1520 617 79 Iesus: au nom duquel lon de¬

666 1569 614 88 mande au pere pardon ⁊ remis¬

663 1639 1602 79 sion des pechez pardonnant a tous: ⁊ ainsi nous est promis/ ⁊ non aultrement.

669 1698 1599 79 Iesus est le seul mediateur/ ⁊ aduocat/ ⁊ reconciliateur/ ⁊ propitiation enuers le

666 1754 1602 87 Pere pour noz pechez/ ⁊ aultre ny a. Iesus a faict ung seul sacrifice parfaict une

669 1812 1596 79 foys/ lequel sacrifice est tout aultre que les sacrifices de la foy qui estoyent tous

666 1868 1602 78 imparfaictz/ qui ne pouuoyent oster les pechez. Iesus na point de successeur: car

663 1932 1599 73 il est tousiours uiuant/ et nest empesche par la mort dexercer son office/ comme

672 1987 1590 76 estoyent les aultres empeschez/ il est puissant a sauuer eternellement aultre pur¬

672 2046 1596 85 gatoire ne fault imaginer que le seul sang de Iesus/ qui est seul chief de Leglise

669 2101 1599 85 son espouse/ laquelle il nourrist de soymesmes: car il est le pain de uie/ ⁊ sa chair est

669 2163 1593 79 donnee pour le salut du monde/ de laquelle sont refectionnez ⁊ repeuz tous ceulx

669 2215 1596 85 qui parfaictemẽt croyent que Iesus est mort pour noz pechez/ ⁊ resuscite pour no¬

669 2280 1599 84 stre iustification: car en croyant en Iesus/ ilz ont uie ⁊ cest manger la chair/ comme

669 2341 1590 82 portent les parolles de uie qui sont Esprit. Pourquoy on ne regarde ⁊ on ue se ar¬

669 2400 1593 78 reste au pain ne au uin/ cerchant ca bas Iesus: mais toute la pensee du fidele tyre

669 2458 1599 85 ⁊ mõte la sus ou est le corps de Iesus/ iectant tout son coeur a Dieu sans sarrester

669 2508 1599 90 a chose uisible/ ne a aucune ceremonie ne a rien/ fors que au seul Dieu ladorant

669 2572 1593 82 en esprit et uerite/ tachãt nestre point ingrat a Dieu de la misericorde quil nous

669 2633 1596 79 a faicte: mais en luy rendant graces on aye continuelle souuenance de la mort et

666 2692 1593 85 passion que Iesus son filz a porte pour nous/ tachant de uiuement exprimer Ie¬

672 2753 1590 85 sus en obeissant de coeur a Dieu/ ne demandant que sa gloire ⁊ de faire sa uolun¬

669 2815 1590 79 te/ aydant ⁊ secourant a son frere/ tout ainsi quon uouldroit quon nous aydast/ suy

669 2873 1593 79 uant la charite de Iesus/ nous aymans lung laultre/ cõme le Seigñr Iesus nous

669 2920 1596 93 a ayme/ comme il commande requerant layde ⁊ le S. Esprit du Pere/ par lequel

672 2993 713 105 soit parfaict en nous son bon plaisir.

532 388 154 73 Hic me¬

543 444 129 70 morare

540 494 106 96 iubet.
