2479 3508
1014 204 894 126 Et le pape la messe controuue

663 347 1587 73 droict ung personnage fasche de regarder tant desleuations que les prestres chan

666 409 1579 70 tans leurs messes faisoyent/ dit: cecy est une garaine de dieux/ pourtant quon les

663 464 1582 70 uoyoit sortir ⁊ estre demenez des mains des prestres/ comme de counilz en une ga-

666 520 1579 79 rene. Qui pourra dire que les Anges soyent en tant de lieux. Aucuns pour ma-

666 587 1579 73 gnifier plus la dignite des prestres/ mettent en la messe uenir toute la court cele-

666 643 1582 73 stielle/ que Dieu ⁊ tous ses Anges descendent du ciel auec la uierge Marie ⁊ tous

666 698 1582 82 les sainctz ⁊ sainctes. Et qui fut iamais si subiect a paillard/ comme seroyẽt tous

669 754 1581 76 a la uoix du putier prestre. Mais pour uray il y a plus de raison que les diables

666 815 1582 85 soyent presens/ pourtant que par linstigation ⁊ uertu de Satan/ la messe a este cõ-

663 874 1590 70 stituee/ ⁊ la saincte Cene de nostre Seigneur abrogee ⁊ du tout ostee. Pourquoy

678 935 1572 79 tant de croix sont faictes (cõme ilz disent) affin que la malignite diabolicque soit

663 991 1582 73 chassee/ en quoy lont uoit/ quilz ne scauent ne entendent ce quilz disent/ car sil y a

669 1049 1581 76 tant Danges/ ⁊ Dieu y est si grãdement/ ⁊ la chose est si saincte (comme ilz disent)

666 1110 1582 73 comment peult le diable sapprocher/ quil le faille chasser par tant de croix? En la

666 1169 1579 76 saincte table de nostre Seigneur/ il ne fault point de croix/ ne aussi au sainct Ba-

669 1230 1581 76 ptesme: combien que les prestres en leurs fassons de faire/ ilz adiurẽt iant de foys

669 1286 1581 76 le diable/ quil sorte du petit enfant/ faisant grosse iniure a la saincte creature de

672 1341 1576 82 Dieu innocente/ comme sont les enfans/ lesquelz Iesus a prins entre ses bras/

678 1403 1575 82 auant que fussent baptisez: disant/ que a telz est le Royaulme des cieulx. Il ne

675 1461 1578 79 fault ainsi entendre que nostre salut soit en ce que faict le prestre en la messe/ en son

672 1520 1581 81 sacrifice imaginatif/ ⁊ quil cuyde faire: mais comme la pure parolle de Dieu por-

669 1578 1581 79 te seulement au Seigneur Iesus/ qui mourant nous a rachetez: ⁊ par ung seul sa-

672 1639 1584 74 crifice nous a consommez. Les papaulx qui suyuent ⁊ tiennẽt la doctrine du Pa-

672 1695 1587 85 pe/ non seulement faict le sacrifice de Iesus tant quil est en eulx esgal ⁊ semblable

675 1754 1584 84 a ceulx de Moyse/ mais beaucoup moindre: car iamais si prophanemẽt les sacri-

672 1812 1587 85 fices de Moyse ne furent faictz/ comme est faicte la messe/ laquelle faulcemẽt ilz

672 1870 1587 79 appellent le sacrifice de desus/ soit quon regarde ceulx qui chantent la messe/ ⁊ la

672 1932 1587 73 maniere ⁊ la fin: ⁊ toutes les circonstances. Quelle beste y a sur la terre/ quon ne

678 1987 1581 79 receoiue ⁊ admette pour dire messe? pour toutes choses/ ne dit lon point messe/ soit

678 2043 1581 82 pour auoir en demãdant/ ou pour perdre/ ⁊ quil soit oste ce quon demãde estre chas-

678 2104 1581 76 se? de tout on faict des messes. Or il est escript que si les sacrifices de Moyse eus-

678 2163 1578 90 sent peu oster les pechez/ quilz eussent cesse ⁊ ne fussent estez reiterez. Parquoy le

678 2227 1581 76 Sacrifice de Iesus/ qui plainemẽt a efface les pechez/ a este faict une foys/ ⁊ nest

681 2283 1581 87 plus faisable/ ne a reiterer/ et ne fault a Iesus aucun Lieutenant/ Uicaire/ ou suc-

681 2344 1581 73 cesseur: car il peult sauuer eternellement tous ceulx qui uiennent a luy estant

681 2400 1575 81 tousiours uiuant/ en quoy le Pape ⁊ tous les siens luy font tresgrosse iniure luy

678 2458 1587 79 donnant successeur/ Uicaire/ ⁊ Lieutenant/ comme ilz disent/ uoire comme leurs

689 2522 1576 76 parolles contiennent: le Pape tient le lieu/ non de pur homme/ mais du uray

684 2578 1581 85 Dieu. Et disent que loffice sacerdotal a este transfere de Christ a Pierre/ et de

689 2642 1573 76 Pierre ilz ueulent que tous les Papes soyent successeurs/ et ainst plusieurs sont

684 2698 1581 76 ordonnez a cause de leur mort ⁊ deces / ainsi quil est aduenu a Aaron et a ses suc-

689 2750 1570 76 cesseurs/ qui sont uenus apres luy Et ainsi Christ nauroit point loffice sacerdo-

695 2812 1567 85 tal eternel/ qui est grosse blaspheme cõtre la parolle de Dieu. Le Pape rẽuersant

692 2864 1579 135 ce qui est dit du sang de Iesus qͥ nous purifie des oeuures mortes/ dit: Noꝰ benis-

543 2777 146 64 lato. ex-

517 879 131 135 Ratio.

520 941 158 76 diui. offi

520 1008 120 44 cio. li-

529 1029 122 125 bro. iiii.

520 1394 155 88 matt.19.

526 1464 134 70 mar.10.

534 2464 152 79 distin.21.

540 2519 149 68 In nouo

543 2566 149 65 extra de

532 2610 160 61 transla.

529 2645 157 64 Quãto

546 2698 132 64 glossa ĩ

543 2739 126 61 cap. trãs

534 2821 152 70 tra de cõ

546 2873 135 59 stitutio.

532 2911 149 76 Hebre.9.
