2479 3508
891 230 1348 138 Iesus Christ paye tribut ⁊ toutes impositions.

672 429 272 132 Uectigal soluit.

534 874 544 84 ¶ Rẽdez a Cesar ce qui est

534 944 541 90 a Cesar/ ⁊ a Dieu ce qui est

532 1005 415 73 a Dieu. Matth.22.

534 1046 544 94 ¶ Soyez subiectz a toute

532 1122 537 82 humaine creature poꝰ dieu/

532 1181 540 81 soit au Roy comme au plus

532 1236 540 82 excellent/ soit aux ducz cõ-

532 1300 540 76 me aux enuoyez de par luy

532 1356 540 73 pour faire uengeance des

532 1411 543 76 malfaicteurs/ ⁊ poͬ la louen

532 1476 429 76 ge des bons. 1.Pet.2.

532 1505 532 102 ¶ Uoꝰ seruiteurs soyez sub-

532 1587 540 82 iectz en toute crainte a uoz

529 1639 543 88 seigneurs/ non seulement

529 1707 546 79 aux bons ⁊ modestes/ mais

529 1762 543 82 aussi aux difficiles. 1.Pet.2.

534 1827 1705 79 ¶ Ua a la mer/ ⁊ iecte lhaim/ ⁊ le poisson qui premier montera prens le. Et quand luy au-

532 1885 1701 73 ras ouuert la gorge/ tu trouueras une statere/ prens la/ ⁊ la donne pour moy ⁊ pour toy.

532 1938 1701 76 Matth.17. ¶ Toute ame soit subiecte aux puissances superieures. Elle ne porte pas

532 2002 1707 96 le glaiue sans cause. Rendez dõcques a tous les choses deues/ a qui tribut/ le tribut/ a qui

529 2058 1014 81 crainte/ la crainte/ a qui honneur lhonneur. Rom.13.

534 2090 1705 99 ¶ Et affin quon uoye que le Pape ⁊ les siens ne tiennent cõpte/ ne de la saincte escriptu

532 2166 1704 76 re/ ne de ce que parauant a este ordonne: mais pour son proffit il change tout ⁊ ordonne

532 2230 1701 73 tout au cõtraire. Il est escript que Leglise possede par le droict humain/ lequel est des Em-

532 2291 1701 71 pereurs/ ausquelz il fault obeir. distĩ.8.Quo iure. Celuy qui ne obeist aux loix des Em-

532 2347 1704 73 pereurs/ il acqueste ung grand tormẽt. dist.9.imperatores. Ainsi est dit quil fault garder

529 2405 1698 71 les loix imperiales aux affaires humains/ ⁊ leur obeir. distinc.10.de capitulis certũ ue-

529 2461 1689 79 stram. Les possessions de Leglise payẽt tribut a Lempereur. 11.q.1.Si tributum. 23.q.8.

534 2522 1699 70 Tributum. Ung grand ⁊ special enseignement par lequel les Chrestiens sont apprins

529 2572 1695 82 destre subiectz aux puissances souueraines/ affin que personne ne pense que la constitu-

532 2633 1698 79 tion du Roy terrien doibue estre rompue. Car si le filz de Dieu a paye la cense/ qui es tu

529 2695 1701 96 qui penses quon ne la doibue payer? 11.q.1.Magnum. Le seruiteur obeisse au Seigneur/

526 2750 1540 111 quãd il ne cõmande chose contraire a la saincte Escripture. 11.qõ.3.Si dominus.
