2479 3508
1163 242 479 94 ¶ Aux lecteurs.

651 321 1576 99 ¶ Sil est ainsi q̃ selon le commademẽt de Dieu nous sommes tenus de ramener a nostre

657 400 1564 70 ennemy son asne qͥ erre/ urayemẽt iceluy est fort inhumain/ cruel/ ⁊ hors de Dieu/ qͥ pẽse

654 447 1567 73 nestre point tenu autãt a sauuer le corps de son amy/ ⁊ encore plus de tacher a retirer der-

654 494 1570 70 reur dãnable lame de son frere/ faicte a limage ⁊ semblãce de Dieu/ rachetee du precieux

657 540 1567 73 sang de nr̃e sauueur Iesꝰ/ laq̃lle chose pẽsant mes treschiers freres/ uoꝰ ay uoulu rẽdre

660 587 1564 70 ce liure en frãcoys a ceste cause seulemẽt/ q̃ ayez cõgnoissance du tresdoulx ⁊ tresamiable

660 631 1567 76 Iesus/ qͥ a porte toꝰ noz pechez/ ⁊ satisfaict poͬ nous/ payãt toutes les choses q̃ noꝰ deb-

660 684 1564 70 uiõs a cause de noz faultes/ par leq̃l seul ⁊ nõ aultre sõmes sauuez ⁊ iustifiez ⁊ sanctifiez/

657 727 1570 76 car il est nostre sapiẽce/ iustice/ sainctification ⁊ redẽptiõ. Leq̃l ne noꝰ demãde aultre cho-

675 780 1558 70 se sinõ que ayõs plaine foy ⁊ fiance en luy/ par laq̃lle noꝰ aurõs charite ⁊ dilection laq̃lle

666 830 1561 67 est la fin la plenitude/ ⁊ laccõplissemẽt de la loy: car ne peult estre q̃ du tout on ne se fie en

663 877 1555 67 luy/ ⁊ quõ ne layme/ si lon le cõgnoit: car en ce est la uie eternelle/ ⁊ il est cõgneu quãd on

654 926 1579 67 entẽd ⁊ cõgnoit ses grãdz ⁊ merueilleux benefices q̃ nr̃e bõ Seigñr ⁊ sauueur Iesus noꝰ

657 982 1576 52 a faict par son sang noꝰ nettoyãt de tous noz pechez/ lesq̃lz il a prins ⁊ porte sur soy/ soy

651 1014 1582 79 donnãt a noꝰ: affin q̃ par luy soyõs enfans ⁊ heritiers de Dieu/ heritiers auec Iesus/ la

660 1061 1567 70 ou noꝰ estiõs enfans de ire ⁊ du diable/ ⁊ heritiers dẽfer ⁊ de dãnation/ leq̃l ne noꝰ demã-

657 1105 1570 76 de ne or ne argẽt: mais noꝰ dõne tout/ noꝰ remettãt le grãd fardeau de la loy/ par laq̃lle

657 1160 1588 70 pesonne na peu estre iustifie ne sauue/ disirãt sur tout q̃ de bon coeur noꝰ receuiõs ses be-

663 1207 1567 70 nefices ⁊ graces ⁊ salut: ainsi qͥl est cõtenu en la saĩcte escripture laq̃lle noꝰ mõstre Iesus

654 1251 1573 76 Christ nr̃e sauueur si tresdoulx ⁊ si tresamyable/ q̃ toꝰ qui lentẽdent sont tirez a laymer/

660 1300 1576 76 ⁊ certes toute hayne de Iesus uiẽt pourtãt qͥl nest pas cõgneu/ ne la saĩcte escripture/ cela

657 1347 1561 70 est ce q̃ a tache son aduersaire lhõe de peche/ qͥ nous a seduict iusq̃s a p̃sent/ cõe icy appert/

654 1397 1579 70 nõ pas par choses cõtrouuees: mais par ses decretz ⁊ canõs qͥ sont par auãt alleguez/ qͥ de

654 1444 1579 70 tout repugnẽt a lamitie de Iesus/ cõe cleremẽt on peult ueoir cõferãt la saincte escriptu-

657 1493 1561 76 re auec eulx/ car lon ueoit biẽ q̃ toute son intẽtion est de cercher sa gloire/ la ou Iesus ne

657 1543 1579 61 cerche q̃ la gloire de son pere/ ⁊ de mettre les chrestiẽs en toute seruitude/ ⁊ par toꝰ moyẽs

654 1584 1579 73 desrober le mõde. Ie uoꝰ prie pẽsez q̃l moyẽ eust peu trouuer le pape ⁊ les siẽs/ pour de-

654 1634 1579 73 cepuoir le mõde ⁊ le piller/ qͥl na trouue? Na il pas faict q̃ toꝰ princes/ roys/ empereurs/

654 1683 1582 76 ausq̃lz il doibt estre subiect/ soyẽt ses seruiteurs/ toute la iustice quest en chrestiente ne luy

654 1730 1585 70 est elle subiecte? qͥ est entre les Chrestiẽs/ duq̃l luy ⁊ les siẽs naye piece ou loupin/ poͬ entre

657 1780 1579 64 tenir son orgueil de Lucifer/ ⁊ sa tresexecrable paillardise? ⁊ poͬtant urays Chrestiẽs re-

657 1815 1582 76 tournez au bening sauueur Iesus/ ⁊ laissez ce cruel destructeur Antechrist. Prenez le saĩt

660 1868 1579 76 Euãgile de Iesus ⁊ sa saincte parolle. Laissez ce puãt pape ⁊ son escole. Car par luy tout

654 1926 1576 64 est sur terre perdu ⁊ gaste. Par luy Allemaigne est troublee. Frãce est desolee. Dãnemar-

654 1970 1579 64 che destruicte. Angleterre seduicte. Espaigne mãgee, Italie gastee. Hũgne captiue. Pol-

654 2011 1582 76 logne chetiue. Escosse gourmãdee. Boeme tormẽtee. Naples abusee. Grece separee. Les

660 2066 1570 65 mariages faulcemẽt rõpus. Moynes ordemẽt polluz. Nõnains au corps ⁊ lame ꝑdues/

660 2110 1573 76 ⁊ a toute ordure uẽdues. Seigñrs abbatus. Ruffiẽs au dessus. Marchãs deuorez. Me-

657 2160 1576 70 chãs hõnorez. Laboreurs desossez. Oysifz engressez. Filz ⁊ filles tollus/ ⁊ es bourdeaux

657 2210 1579 61 du pape reclus. Iustice des iustes ostee/ ⁊ aux miq̃s dõnee. Le mal poͬ biẽ uẽdu. Et bien

663 2256 1573 70 faire defẽdu. Les paoures ames captiues. Les corps a toꝰ maulx liurez. Le regne de Ie

669 2306 1567 64 sus destruict. Et celuy de sathã introduict. O Iesus regarde labommatiõ/ de lord filz de

666 2356 1564 64 perditiõ. Helas Seigñr cesse tõ ire. Et de ce mal si noꝰ deliure. Enuoye tõ puissãt Espe-

663 2397 1509 76 rit/ par qͥ cest iniq̃ soit destruict. Et apes de noꝰ cõpassion/ noꝰ dõnant ta benediction.

762 2449 1111 79 Ce nigromant (ne ueulx) meurtrier filz de putain. Cle.7.

762 2499 822 70 Mais le bening Iesus qui est sauueur certain.

850 2516 1018 85 ¶ Pour les esleuz ces iours seront abregez. Matth.24.

672 2592 1105 62 ¶ Par Lesperit de ses leures il occira le mescreant. Esaye.11.

666 2631 1453 78 ¶ Les paoures se esiouyront au sainct de Israel/ quand le tyrant cessera/ ⁊ quand

742 2686 1333 76 le mocqueur deffauldra/ quand ceulx qui constraignoyent a faire iniquite

818 2736 1158 58 seront couppez/ qui font pecher lhomme en la parolle. Esaye.29.

672 2783 1438 70 ¶ Hõmes corrompus dẽtendement/ reprouuez en la foy: mais ilz ne proffiteront

856 2832 1061 65 plus, Car leur insipience sera manifestee a tous. 2.Timo.3.

812 2876 1284 91 ¶ Imprime a Rõme/ par Clement de medicis/ au chasteau sainct Ange.

1169 2926 535 82 ¶ Cum priuilegio Apostolico.

1300 2975 275 76 FINIS.

499 324 144 132 Exo.23.

511 608 132 105 Esa.53.

502 707 117 88 Act̃.4.

499 774 141 62 1.Cor.1.

514 818 108 56 Ro.13.

508 859 146 67 1.Tim̃.1.

514 900 120 64 Gał.5.

505 938 135 67 Ioã.17.

508 999 132 53 1.Ioã.1.

508 1029 126 61 Gał.1.

508 1061 135 73 Rom̃8.

496 1119 152 59 Ephe.2.

496 1151 147 65 Rom̃.8.

517 1198 108 61 Gał.3.

511 1236 140 73 Mat.11.

505 1473 138 143 Ioan.8.
