2479 3508
298 198 985 100 Le pape na que de sa pance cure.

1426 426 485 117 Luxum hic sectatur inertem.

1426 637 553 79 ¶ Le larron ne uient sinon

1420 692 553 76 pour desrober ⁊ tuer et de-

1420 745 354 88 struire. Ioan.10.

1423 780 553 117 ¶ Et tel est le Pape p̃sent

1423 871 553 70 lequel selon les droictz est

1423 929 553 79 uray Antechrist ⁊ inuaseur

1426 985 547 90 de la Chrestiente/ excom-

1423 1049 547 76 munie auec tous ses fau-

1426 1102 553 87 teurs/ pourtant q̃ par traffi

1423 1172 553 70 cquerie/ ⁊ par argẽt il a este

1423 1230 553 79 Pape. distinc.23.In no-

1420 1286 553 82 mine domini. Lequel auec

1420 1350 559 76 ses predecesseurs na desire

1420 1409 556 70 que effusion de sang: susci-

1417 1467 559 79 tãt toutes guerres/ qui ont

1417 1528 559 76 este faictes/ uiuant en tou-

1414 1578 562 88 te gourmandise ⁊ horrible

1417 1645 562 76 paillardise: mais quant au

1414 1698 562 88 preschement de Leuãgile/

1423 1759 541 73 quest le propre office de S.

222 1803 1748 94 Pierre/ ⁊ des Euesques/ il le deffend comme lon uoit/ ⁊ parauant sen estoit demis/ le com-

216 1873 1754 73 mettant aux aultres. c.Inter cetera.De offic.iudi.ordi. Auquel chapitre il confesse que

216 1926 1751 79 la parolle de Dieu est la nourriture/ ⁊ uie de lame/ ⁊ en grosse diligence doibt estre annon

216 1990 1751 76 cee/ neãtmoins par les occupations/ ou par ignorance les Euesques ne peuuent prescher/

216 2049 1754 76 toutesfoys le prestre est debteur de librement prescher la uerite laquelle il a ouye de Dieu

219 2110 1745 85 mais les pasteurs sont maintenant ignorans en toute yurongnerie/ cõme dit Esaye.56.

219 2172 1751 67 Et ilz seruent a leur uentre/ non pas a Dieu. Rom̃.16. Et pourtãt tous Euesques ne

219 2221 1751 108 sont pas Euesques/ regarde a Pierre ⁊ considere Iudas. Rubrica.dignitas non facit

222 2291 567 68 Episcopum: sed uita.2.qõ.7.

222 2309 1745 111 ¶ Malediction a ceulx qui sont apres yurongner/ se leuant du matin pour boyre iusques

219 2408 1745 82 au soir bouillans en uin/ qui auez en uoz conuiues harpes/ lucz/ tabourins/ ⁊ fleutes/ ⁊

216 2467 1748 73 ne pensez loeuure du Seigneur. Esaye.5. ¶ Ceulx icy pour le uin ont perdu lenten-

216 2525 1748 94 demẽt/ ⁊ pour lyurongnerie faillent/ ⁊ sacrificateurs ⁊ prophetes sont errans par yuron-

216 2584 1046 70 gnerie enfonsez ⁊ plongez dedans le uin. Esaye.28.

216 2625 1748 87 ¶ Il est deffendu de donner les biens aux ioueurs. distinc.86.donare. de iouer aux detz/

213 2698 1754 85 ⁊ de yurongner soubz la peine destre depose. distinc.35.Episcopus. Celuy qui est fornica

213 2765 1745 70 teur/ pariure/ ou larron doibt estre depose. distinc.81.prebyster.Si quis Episcopus. Per-

216 2809 1751 85 sonne ne doibt ouyr loffice dung qui tient concubine. distinctio.32.Nullus. ⁊ ce soubz pei

216 2882 1748 82 ne de excommuniement. Si aucun diacre ou prestre a commis adultere: iamais il ne

216 2935 789 90 peult estre repare ne restitue a son office.

1651 2981 167 117 C .ii.
