2479 3508
1122 260 1134 120 Du temple Iesus chasse tous usuriers.

613 432 448 146 Uendentes pepulit templo.

572 608 521 70 ¶ Il trouua au tẽple gens

575 657 518 88 qui uendoyent beufz ⁊ bre-

572 716 518 84 bis/ ⁊ colombes/ ⁊ les chã-

572 783 509 76 geurs qui estoyent assis.

572 841 512 74 Et apres quil eut faict cõ-

570 891 520 82 me ung fouet de petites cor

570 953 517 73 des/ il les iecta tous hors

567 1008 520 70 du tẽple/ ⁊ les brebis ⁊ les

570 1061 523 79 beufz/ ⁊ respandit largent

570 1125 523 73 des changeurs/ ⁊ renuersa

567 1183 520 76 les tables. Et dist a ceulx

567 1236 517 76 qui uendoyent les colom-

564 1289 526 84 bes: ostez ces choses dicy/ ⁊

564 1350 523 82 ne faictes point la maison

570 1414 517 91 de mon pere la maison de

567 1470 345 76 marche. Ioan.2.

567 1520 520 81 ¶ Et quand il fut entre au

567 1581 520 91 temple il cõmencea a iecter

564 1642 514 85 hors les uendans ⁊ ache-

564 1701 526 73 tãs/ ⁊ leͬ dist: Il est escript:

564 1759 520 73 Ma maison est maison do-

561 1824 1695 70 raison/ ⁊ uous lauez faicte une cauerne de meurtriers. Luce.19. ¶ Sil est ainsi q̃ no

558 1870 1701 85 stre Seigneur chasse ceulx qui uendent ⁊ achetent en la maison materielle/ en laquelle

558 1938 1698 76 ne fault point penser que Dieu aye sa demeure/ car le tres hault ne demeure point es tem-

558 1996 1698 76 ples faictz de la main. Act.7. ⁊ .17. Combien plus ueult il que ceulx qui font mar-

558 2052 1698 79 chandise en son Eglise/ qui est la congregation des Chrestiens soyent chassez/ ⁊ pourtãt

555 2110 1695 88 en ladministration de ses dons ⁊ graces/ il deffend toute telle trafficquerie/ disant: Uous

558 2169 1690 81 lauez receu pour neant/ donnez le pour neant. Matth.10. ¶ Ton argent soit auec toy

555 2227 1690 88 en perdition/ pour ce que tu as estime que le don de Dieu soit donne pour argent. Act.8.

561 2277 1687 87 ¶ Quiconque donc donne quelque chose pour auoir don ou grace/ tout luy uient en per-

558 2344 1692 73 dition. Il est predict de telz marchans en S. Pierre/ disant: Aussi ya eu des faulx pro-

558 2402 1690 76 phetes entre le peuple: comme il y aura entre uous des maistres mensongiers qui in-

558 2458 1690 85 troduiront sectes de perdition/ ⁊ nyeront le Dieu qui les a rachetez/ amenans sur eulx

558 2511 1690 87 mesme soubdaine perdition. Et plusieurs suyuront leurs fornications/ par lesquelz l a

558 2572 1690 79 uoye de uerite sera blasphemee/ ⁊ en auarice marchanderont de uous par parolles fein-

558 2633 1687 85 ctes: ausquelz la condemnation des l ong temps ne cesse point: ⁊ leur perdition ne som-

558 2686 1690 79 meille point.2. Pet.2. ¶ Le paoure monde si nestoit bien aueugle pourroit bien con-

558 2745 1681 78 gnoistre ces marchans qui par tout ont faict des cauernes/ lesquelles ilz appellent egli-

558 2803 1692 79 ses: affin que la soubz lombre de religion/ comme guetteurs de chemins ⁊ aueuturiers

558 2861 1692 76 ilz despouillent les paoures gens/ les attendans pour les seduire/ non pas seulemẽt aux

561 2917 1689 105 biens: mais en lame quant au lieu de les mener a Iesuchrist/ leur uendent leur fardee

555 2973 1117 111 ⁊ corrompue marchandise en toute superstition ⁊ idolatrie.
