2479 3508
657 242 670 108 chief de toute abusion.

260 350 1567 106 paouretez quilz attribuent aux precieux corps de Iesus/ quil soit sensiblement a-

260 435 1558 67 pres la consecration traicte/ rompu ⁊ brise des dentz des fideles/ comme ilz ont cõ-

271 494 1541 76 trainct Berengarius de lyre a Romme en leur concile/ ⁊ est recite en leur decret/

268 555 1541 67 cest chose horrible de penser: car sil estoit comme ilz disent/ iamais ne fut person-

260 602 1552 79 ne si paoure ⁊ mauldicte que ce paoure Dieu/ a qui tous les iours ilz font tant de

257 663 1549 70 tourmentz/ le tenant en prison/ le rompant/ le mangeant/ le bruslant quand il est

260 716 1552 76 ung peu gaste ou pourry ou mange des uers/ toutes ses blasphemes ⁊ mocqueries

260 774 1543 73 uiennent de leur peruerse doctrine. Par laquelle ueulent hardimẽt affermer/ que

268 833 1529 84 la chair de Christ est tous les iours immolee/ sacrifiee/ pour la uie du monde/ que

257 900 1549 70 repugue tout a la parolle de nostre Seigneur/ qui dit auoir este immole une foys.

286 953 1520 78 ¶ Pour le present ne monstrons labusion qui est au demourant de la messe es

254 999 1558 85 grandz kyrie eleison: aux introites/oraisons/ epistres/responds/ es chantementz

254 1067 1546 73 de Leuãgile/ gradualz/ offertoires/ ⁊ aultres choses quõ lit ⁊ chante cõtre lordon-

257 1128 1558 70 nãce de Dieu/ ⁊ tout en aultre langaige que Dieu na cõmande/ la ou il ny a point

260 1181 1552 76 de fruict ne dedification. Parquoy tous Chrestiens ⁊ fideles pour lamour dice-

257 1239 1555 79 luy qui pour nous est mort: ⁊ qui en sa memoire a ordonne sa saincte table/ prenez

257 1295 1555 81 la pure ⁊ simple ordounance du bon sauueur Iesus/ duquel ⁊ par lequel uous auez

257 1353 1549 82 tout bien/ quon ne change point/ laissez les grosses blasphemes de la messe du pa-

257 1411 1558 85 pe/ duquel ⁊ par lequel iamais nest uenu que mal/ prenez ⁊ tenez ce qui est de Dieu/

251 1470 1564 82 ⁊ tout certain: laissez ce qui est du pape ⁊ tout incertain: ⁊ ainsi suyuãtz Iesus uraye

257 1531 1552 106 lumiere/ uous ne irez point en tenebres: mais aurez uraye lumiere/ uous trouue-

257 1599 602 116 rez pasture ⁊ repos a uoz ames.

1800 499 144 56 de cõsec.

1806 534 120 53 distin.2.

1812 570 137 67 Ego be-

1803 619 141 70 rẽgariꝰ.

1803 771 141 73 de cõsec.

1809 827 120 52 distin.2.

1812 859 134 67 Iterat̃. ⁊

1812 912 129 55 Ommia

1812 964 120 79 q̃cunqz.

1423 1607 255 182 F .iii.
