2479 3508
625 225 672 131 chief de toute abusion.

257 362 1573 88 Et quen pardonnant lon aye pardon/ de ce ne faict on aucune mẽtion/ fors que en

257 412 1567 96 faisant dire tant de messes/ ⁊ quon faict tant de chanters/ ⁊ quon gaigne tant de

254 476 1570 79 pardons/ ⁊ quõ prent des indulgences/ tant de iubilez ⁊ plenieres remissions de

251 529 1567 93 peine ⁊ de coulpe/ quon gaigne en donnant ce que le Pape a constitue en sa bulle/

248 596 1567 82 combien que sainct Pierre les die mauldictz/ disant a celuy qui offroit argẽt pour

245 646 1552 96 auoir le don de Dieu. Ton argent soit auec toy en perdition/ qui as pense quon

248 707 1567 91 aye le don de Dieu par argent. Et ainsi les hommes sont tirez hors de la parolle

245 762 1564 94 de uerite/ ⁊ menez hors du sainct Euangile pour soy fier aux choses uaines ⁊ pe¬

245 818 1567 85 stilentes. Et pour plus clairement ueoir que la messe est pour mettre le prestre du

245 879 1564 79 tout au lieu de Iesus/ ⁊ faire Iesus uain et superflu/ ⁊ tout ce quil a faict ilz attri¬

242 932 1555 99 buent au prestre tout ce que appartient seulement a Iesus: en quoy lon faict ung

242 993 1550 85 merueilleux change. Car il est dit q̃ a la uoix du prestre le ciel se ouure en lheure

239 1049 1561 99 de limmolation (cest au canon) en laquelle Christ de rechief meurt/ son corps par

242 1113 1547 91 tout est prins/ ⁊ sa chair pour le salut du monde souffre/ les choeurs des Anges

236 1163 1573 88 sont presens/ ⁊ les choses souueraines ⁊ tresbasses sont associees ⁊ conioinctes/ ⁊

233 1230 1570 76 est faict une chose des choses uisibles ⁊ inuisibles. En mesmes temps il est prins

233 1286 1573 87 par le mystere des Anges au ciel pour estre conioinct au corps de Christ/ ⁊ deuãt

230 1344 1573 82 les ieulx du Sacrificateur/ il est ueu en lautel/ et apres plusieurs choses dit/ que

230 1406 1570 76 nostre salut est icy: ⁊ pourtant que nous pechons tous les iours/ par ce sacrement

230 1464 1567 73 nous auons remission des pechez. Gratian dit que ces parolles sont de Gregoi¬

228 1520 1575 84 re en lhomelie de pasques. Ie uouldroye prier ces gens/ quilz nous dient quel

228 1581 1569 73 passage ilz ont de la saincte Escripture/ que tous les iours Iesus meure ⁊ souffre/

228 1634 1572 87 ⁊ quil soit tous les iours sacrifie ⁊ immole/ qui uault autant a dire. Car la chose

230 1689 1547 88 uiuante quand elle est sacrifiee/ elle est mise a mort/ comme Abraham uouloi fai¬

228 1751 1561 87 re de son filz Isaac/ lequel il uouloit sacrifier tirant le couteau pour le frapper. Et

230 1809 1570 79 Iephthe qui sacrifia sa fille il la tua/ ⁊ aultrement ne trouuerez sacrifice auoir este

230 1870 1570 85 faict de chose uiuante fors quen la tuant ⁊ mortifiant. Ie scay que aucuns diront

228 1929 1566 85 que cecy est ung sacrifice de louenge/ ⁊ que ainsi de rechief Iesus est offert ⁊ meurt.

230 1984 1564 82 Nous demandons la parolle de Dieu qui die/ ⁊ nous monstre cecy estre sacrifice:

228 2043 1569 76 car Iesus na institue sa cene quen memoire de soy/ ⁊ aultremẽt ne parle Lescriptu¬

228 2096 1569 78 re. Il nest commãde de offrir/ ne de sacrifier/ ne de faire temple sacre/ ne autel/ telz

228 2157 1564 76 uestemens/ ne tant de fassons/ fors que faire en la memoire de Iesus/ annoncer

228 2212 1566 88 la mort du seigneur iusques a ce quil uiengne. Quant est de louuerture du ciel a

225 2268 1564 82 la uoix du Sacrificateur/ ie croy plus tost que pour les blasphemes ⁊ horribles a¬

225 2332 1567 76 bominations que commettent les prestres en leurs messes/ que le ciel est tout clotz

225 2388 1569 90 ⁊ ferme/ comme monstrent les tresgrosses tenebres/ qui ont remply tout le monde

222 2452 1564 70 par si grosse ignorance/ tellement que peuple ne fut iamais ainsi aueugle/ comme

222 2508 1561 79 il a este par le Pape ⁊ les siens. Des Anges qui sont ainsi presens en telles baul¬

219 2563 1567 73 des/ qui luy a dit? ou la il leu? comment le scait il? nous scauons que les Anges ne

219 2628 1564 73 peuuẽt estre par tout/ silz sont en aucun temps en ung lieu/ en ce mesme ilz ne peu¬

219 2683 1558 85 uẽt estre en ung aultre. Si on faisoit la cene comme nostre Seigneur la comman¬

216 2739 1561 76 de/ que tous ceulx qui sont dune assemblee nen fissent que une/ uenans tous en¬

219 2797 1567 85 semble/ il y auroit quelque apparence. Maintenant ou chascun prestre dit sa messe

216 2856 1570 117 par tant de lieux sur la terre/ ⁊ en ung mesme temple en si grãd nombre/ que a bon

1812 660 105 76 Act̃.8.

1809 947 143 84 De cõse.

1809 1011 117 50 distin.2.

1812 1043 99 56 Quid

1812 1072 117 76 sit san¬

1812 1134 85 55 guis.

1803 1695 135 97 Geñ.22.

1806 1768 117 97 Iud.11.

1499 2917 62 111 F
