2479 3508
213 228 1111 128 Gur terre ne demancle l autre que or.

1409 368 409 85 Rucel bie ardore tabescil.

1379 502 491 65 ¶ Tout ce q̃ le Papea

1376 552 486 73 peu prẽdre des uisz de

1379 616 486 73 leͬs fassõs de faire ⁊ des

1385 672 480 73 idolatres, il a tour iniro

1382 724 486 76 duicta Leglise pour pil-

1382 786 488 70 ler le mõde, disaut a ces

1379 844 489 85 pilleurs qͥl enuoye. Dõ-

1379 906 491 70 nez a uoz sublectz encẽsf

1379 958 491 85 sel, eau benistes, c ẽdres-

1379 1020 491 79 cimiiieres, sons de clo-

1379 1075 491 76 ches, chãtz, benedicrõo-

1382 1143 488 78 grãs aglos, iuclinatiõs

1388 1192 485 76 merites, ⁊ sarissactiõo-

1385 1254 488 81 affin q̃ uoꝰ ayez deulx-

1014 1292 152 96 omnb geli

1388 1315 488 82 uin, ble, huple, cẽses, ren

1040 1373 120 82 i Mle

1023 1406 143 99 elablis

1388 1376 485 73 tes, or ⁊ argent, uendez

1385 1432 488 91 os des sainctz, teliqueo-

1061 1496 137 62 Pour de

1058 1531 128 65 largent

1382 1496 494 85 ⁊ cõsrairies, quesies par

1061 1575 131 70 ung sac

1382 1549 491 93 tout, prenãt tout ce que

1067 1619 122 64 plein de

1385 1607 488 94 pourrez auoir, nõ pas ꝑ

1058 1660 128 64 pardõs

1388 1669 488 85 exactiõ toute descouuer

1388 1730 488 73 te, neãtmoins contral-

1388 1794 491 68 gnez les laidz a uoꝰ dou

210 1853 1666 73 ner ce qͥl ont de coustume, alnst q̃ noꝰ auõs cõmãde aux Euesq̃s. Ad̃ aposto. de symo

216 1908 1657 79 nla. Uoulõs par ainsi, q̃ les choses qͥl n est pas licite qu õ demãde, q̃lles soyẽt payees, ⁊

219 1973 1657 76 quõ les receoiue; car il est hõneste quõ receoiue, ce qͥl n est pas hõneste de demander. ǐ.

219 2025 1657 82 dist. De eulogns. ⁊... Cuex offi. de prescrip. i⁊. q.r. Chariiaiẽ. .. qͥ .⁊. questa.s. . qͥ. ⁊.

222 2084 1660 76 Placuit. ⁊.c. Quã pie. t ellemẽt q̃ nostre sac soit plain; car la court romaine, ne ueult la

222 2134 1663 87 brebis sans l aine. Soyent excõmuniez cõme infideles, ⁊ qͥ tuẽt les iuoigẽs, ceulx qui

222 2204 1663 70 ne payẽt les offrãdes. iI. q.t. Qui oblat. ¶ Le Pape ⁊ les siẽs si tres horiblemẽt pressẽt

219 2256 1666 76 le mõde, n ayãs cure q̃ de leur uẽtre ⁊ de la bourse, q̃ mesmes leurs flateurs qͥ ne tachẽt

222 2312 1660 82 q̃ les mettre sur toꝰ sõt cõtrainctz les blasmer. Quon regarde la glose extrauag. de se-

219 2376 1666 82 pulturis, suꝑ caihedrã. in uerbo, depuiatos. lz ont trouue des inuẽtiõs sans nombre

222 2435 1663 79 poꝰͬ tousiours augmẽter le gain auec la superstitiõ, portãs chasses ⁊ aultres reliq̃s a li-

219 2487 1663 73 mitatiõ des q̃uifz q̃ portoyẽt l arche quãd llz deuoyẽt batailler, ⁊ des idolatres qͥ auec

219 2549 1666 70 telle põpe portoyẽt leurs dieux, cõe il est faclle a ueoir en Apuletus lib.y. ¶ Ilz auoyẽt

222 2613 1663 79 alnst la coustume dallumer clerges; cõe Dionps. Galicar. ⁊ Macrob. Saiur. lib.i .c. ui.

225 2671 1660 74 tesmoignẽt. ¶Des eaues lustrales q̃ noꝰ appellõs eaues benistes, ⁊ tãt daultres ce-

222 2730 1663 70 remones tout en est plein ꝑ les liures des ĩfideles. Quld. in fastis. Apule. Macrob ⁊e.

222 2777 1663 84 Dõt le Pape a emprũte ces superstitlõs ⁊ ioolatries, ꝑ lesq̃lles il pille le paoure mõde-

222 2847 1666 79 ⁊ retire les coeurs du uray pasteur iesꝰ, Chrlsi. ¶ Qul Euesq̃ ou prestre, ou diacre, q̃

230 2905 1661 70 dispẽse le sacremẽt de la cõmuniõ ne demãde aucune chose. Car la grace n est pas ueu-

230 2961 1667 82 due, ⁊ noꝰ ne dõnons pas par pris la grace du S. Esprit; aultremẽt qͥl soit oste cõe iii

230 3022 1357 100 tateur de la deceptiõ ⁊ scaulde l ymonlacque. Ex septa s ynodo..q..c.
