2479 3508
660 263 670 87 chief de to

260 350 1523 100 paouretez qu llz atiribuent aux precteuy corps de qesus, qu il solt sensiblement.

260 432 1534 70 pres la consecration traicte, rompu ⁊ brise des dentz des fideles, comme ilz ont cõ

271 491 1497 73 trainct Berengarius de lyre a Romme en leur concile, ⁊ est recite en leur decri

268 546 1512 73 c est chose horrtble de penser; car sil estoit comme ilz disent, iamais ne sur persoi

260 599 1526 76 ne si paoure ⁊ mauldicte que ce paoure Dieu, a qui tous les iours ilz font tant ď

257 657 1532 79 toucmentz, le tenant en prison, le rompant, le mangeant, le bruslant quand il e

260 716 1514 79 ung peu gaste ou pourry ou mange des uers, toutes ses blasphemes ⁊ mocquerui

260 774 1526 82 uienuent de leur peruerse doctrine Par la quelle ueulent hardimẽt asseriner, qu

268 833 1518 84 la chalr de Christ est ious les iours immolec, sacrifiee, pour la uie du moude, qu

257 888 1535 85 repugue tout a la parolle de nostre Seigneur, qul dit auoir este iminole une soys

286 953 1508 78 ¶ Pour le pres ent ne monstrons labusion qul est au demourant de la messe es

254 1002 1520 88 grand, ueyrie eleisonr aux introites, oraisons, epistres, responds, es chautemen

257 1069 1546 79 de Leuãgile, gradualz, offertoires, ⁊ aultres choses quõ lit ⁊ chante cõtre l ordon-

257 1128 1558 70 nãce de Dieu, ⁊ tout en aultre l angaige que Dieu na cõmande, la ou il n y a point

260 1181 1552 76 de fcuice ne dedification. Parquoy tous Chrestiens ⁊ fideles pour l amour dice-

257 1239 1555 79 luy qui pour nous est mort; ⁊ qui en sa memoire a ordonne sa saincte table, prenez

257 1295 1555 81 la pure ⁊ simple ordounance du bon sauueur Iesus, duquel ⁊ par lequel uous auez

257 1353 1549 82 tout bien, quon ne c haiige point, laissez les grosses blasphemes de la messe du pa-

257 1411 1558 85 pe, duquel ⁊ par lequel lamais n est uenu que malᷤ prenez ⁊ tenez ce qui est de Dieu-

251 1470 1564 82 ⁊ tout certain; laissez ce qui est du pape ⁊ tout incectain. ⁊ ainsi suyuãtz Iesus uraye

257 1531 1552 106 luilers, uous ne li ez point en tenebres ; mais aurez uraye l umlere, uous trouue-

257 1599 602 116 tez pasture ⁊ tepos a uoz ames.

1830 499 116 79 idsce

1818 543 108 50 diftin ⁊

1812 567 137 119 o le.

1818 619 126 70 egati.

1812 768 132 76 de cõsee.

1815 830 117 49 distin.⁊.

1815 859 134 187 on lies

1815 903 120 140 C mmis

1818 955 128 100 cuns -

1423 1607 255 182 .
