2479 3508
228 233 1438 117 Le pape dicelles tant seulement nous faict feste.

1435 347 418 100 Presul dissoluit iniquus.

1397 444 564 76 ¶ Le pape ꝯtre la saĩcte pa¬

1382 494 576 81 rolle de dieu/ laq̃lle ne ꝑmet

1391 561 561 79 qͥl y aye aultre rigle ne ordõ¬

1391 619 561 88 nãce q̃ la sienne/ ne uoulant

1394 678 558 79 quon ny adiouste ne quon en

1388 733 564 79 oste rien: mais quon face ce

1388 795 561 79 qͥl cõmãde seulemẽt. Deut.

1394 859 558 70 4.12. Gala.1. Et contre ses

1385 906 564 82 decretz/ il a ordõne toute su¬

1385 970 567 82 perstition. Il est deffẽdu que

1385 1034 570 73 enfans nayẽt a laisser pere ⁊

1385 1087 561 79 mere soubz lombre de reli¬

1385 1145 561 79 giõ/ q̃ aucune femme poͬ re¬

1379 1207 570 76 ligiõ naye a coupper ses che

1385 1271 559 79 ueulx cõe font les nõnains/

1382 1327 559 67 quõ ne mesprise le mariage/

1379 1382 567 76 ne celuy qͥ mãge de la chair/

1382 1438 556 82 q̃ personne ne laisse ses en¬

1382 1496 562 76 fans pour religion/ q̃ nul ne

1379 1555 553 79 prẽne habit pour sainctete.

1385 1616 518 73 distin.30. Si qͥs uirorum.

1385 1672 559 79 ¶ Nul chartreux/ nul cele¬

1385 1733 559 76 stin/ nul iacopin/ nulle seur

1382 1792 562 78 colette/ nul des enfumez mi

213 1838 1725 88 nimes/ ne aultres moynes iamais mangeussent chair. de consacra. distinc.5. Carnen.

216 1897 1728 85 Nulle ꝑsonne ne ose manger chair/ oeufz/ fromage/ ne chose de laict/ despuis la qͥnquage

213 1958 1725 79 sime iusq̃s a Pasques. distĩ.4.  Deniqꝫ. Noꝰ uoulõs aussi quõ ieune le mercredy/ le uen¬

210 2011 1734 96 dredy/ ⁊ le samedy/ auec les roueysons. de ꝯse. distin.3. Sabbato. Ieiunia. Rogationes. et

210 2072 1734 91 les ueilles des apostres auec les aduẽtz. de obserua. ieiu. Conciliũ. Noꝰ dõnõs planiere

210 2128 1731 84 remissiõ de tous pechez a tous ceulx qͥ lãnee du Iubile uiendrõt a Rõme poͬ gaigner le¬

210 2186 1731 85 dict iubile. Sixtus.4. Quẽadmodũ. La religion du pape est que chartreux/ ou celestin/

210 2248 1731 84 ne seur colette iamais ne sorte/ ne moyne ne nõnain sans le cõgie de son superieur/ quilz

210 2303 1728 94 ne aydẽt a personne: mais qͥlz chargẽt tous/ nõ seulemẽt mesprisant leur prochain: mais

210 2364 1728 91 desobeissant a pere ⁊ mere/ cõtreuenãt a tout debuoir poͬ garder leurs rigles. Ceulx qui

210 2420 1719 82 ont prins les ordres ne se mariẽt point/ ⁊ silz se mariẽt qͥlz soyent separez. 27.di. Presby¬

207 2484 1731 79 teris. Le filz ou la fille q̃ ses parẽs en son enfance ont mis au monastere ne peuuẽt sortir

207 2537 1716 88 ne se marier. 20.q.1. Addidistis. Et si aucun ou aucune apres le ueu de chastete se ma¬

207 2601 1728 79 riẽt qͥlz soyent separez. 27.q.1. Ut lex. Non obstãt q̃ au chapitre suyuãt. Nuptiarũ. Lequel

204 2654 1725 82 est/ beau/ sainct Augustin dit q̃ celuy peche/ qͥ les separe/ ⁊ quõ ne les doibt point separer.

204 2704 1719 93 Ainsi aucũs entre les idolatres estoyent contrainctz par auarice de nestre point mariez.

201 2768 1731 85 Sueto. de uiris illust. ca.1. Les uierges de la deesse Uesta/ ne se pouuoient marier/ ⁊ de la

204 2832 1722 85 punition de celle qͥ auoit uiole sa uirginite. Lisez Titu Liuiũ. 1. ab urb. cõd. ⁊ Aul. Gel.

204 2891 1731 79 ⁊ uous cõgnoistrez q̃ nostre moynerie est prinse la plus grand part des idolatres qͥ auoyẽt

201 2952 1731 76 grosse diuersite de dieux/ ⁊ selon les dieux les prestres comme on uoit en la religion du

201 3011 1728 78 pape par lequel sectes sont approuuees/ ⁊ tout ce quest des choses externes/ cõme robbes/

201 3072 1728 73 tonsures/ ceremonies. Extra. Quia quorundam. de uerbo. signi. ⁊. 21.q.4. Episcopi.

201 3125 1728 84 Ceulx qui ont apostate de la foy prenant aultre rigle que celle de Iesus sont appellez

201 3186 1085 82 illuminateurs de la foy. Extra. de treuga ⁊ pace. Uices.

1537 3241 243 100 D .ii.
