2479 3508
228 198 1061 123 Te pape les deuore trescruellement.

1420 420 377 123 Iupl. sie saopaine

1420 520 129 82 audet.

1411 672 407 70 Le pape dessẽd aux

1411 727 410 73 questeurs qu ilz no-

1403 777 421 85 sent aller ca ne la en

1403 844 418 71 tirãt subtilemẽt l or

1409 900 415 76 des gens donnans

1403 953 418 76 pardons ⁊ remissiõs

1409 1014 409 85 d aucune partie des

1403 1069 418 88 pechez, et aucunes-

1403 1134 424 82 foys de tous, ⁊ de pet

1403 1192 418 73 ne ⁊ de coulpe, ce que

1409 1248 409 76 Dieu seul peult fai-

1403 1309 418 79 rel comme il din soy

1400 1368 424 73 leuant ⁊ mettãt sur

1400 1423 421 76 Dieur; pourtant leur

1400 1479 421 82 deffẽd, q̃ sans ses let

1400 1543 421 82 tres ⁊ bulles ilz no-

1400 1596 418 90 sẽt aĩst faire ne aussi

1400 1654 412 82 estre admio; De pe-

1403 1715 406 82 niten. ⁊ remis.in cle-

225 1783 1596 82 mentl. c. abusionbus. Mals quand ilz ont acheptees les bulles du Pape, alors

225 1832 1596 85 est mauldici tout homme qui les empesche ou qui parle contre. Nous ordon-

225 1894 1599 79 nons que le uilain c est adire les gens qui gaĩgnent leur uie, soit tant aggraue

225 1949 1587 82 de penstons, que la petne des exactions le cõtraigne se retourner a Dieu..⁊z. q...

228 2011 1596 85 Iam uero. Et pourtant noꝰ uoulons quon baille la.ꝓ. partie de toutes choses, soit

225 2066 1590 82 ble, grains, foin, fruictz, laines, peschertes, molins ou a uent, ou a eaue, gaigna-

225 2128 1599 84 qes, ⁊ quelque chose que soit legitimement acquestee, ⁊ de toute marc handise, uol

228 2180 1587 88 re de uente de maisons, champs, uignes, fours, moulins, troupeaulx de bestiail-

225 2242 1596 90 ou quelque aultre marchandise, ⁊ ausst des mouches a mielᷤ ⁊ de la chasse, ⁊ de la

225 2300 1590 91 gensdarmerie, c est adire des gaiges que l ont prent, ⁊ de ce que l on cõqueste ⁊ de tou

225 2367 1590 76 te negotiation, ⁊ toute aultre chose, que de tout de dix on en donne ung... Non est.

228 2420 1581 82 Ey trãsmissa. A nobis. Pastoralis; ⁊ in allis capt. de deci. ⁊ primi. ⁊ obla. Ccy

228 2478 1584 79 uoyez Chrestiens ces l oups rauissans qui uiennent a nous soubz l habit de bre-

228 2537 1587 76 bis, comme ilz mettent sur noz espaules fardeaulx importables, lesquelz ilz ne

222 2598 1590 73 touchent point d ung doigt. Matth. ⁊z. L Dieu les mauldict comme saulx

225 2657 1587 82 pasieurs deuorans les brebis, ne nourrissans q̃ eulx mesmes. Hiere. ⁊z. Eec.  ⁊.

289 2715 1526 76 ¶ Affin quon congnoisse ces corbeaulx, le Pape ⁊ les siens, ses decretz le mant

222 2768 1590 88 festent qui disent;. Tout hõme qui dit, paty a uous, ne doibt estre ouy comme co-

225 2829 1590 97 lumbe. Les corbeaulx sont nourris de mort, la columbe n a point cecy, mais uio

228 2879 1330 126 des fuuicnz de la tenro, ⁊ sa uie esl lnnocenle.⁊ questio.. Non omnis.

1613 2914 91 161 8
