2479 3508
228 207 1189 117 Mais le pape les biens du monde prent.

1403 371 386 93 Regna hic tenet omnia

1411 456 147 76 mundi.

1400 561 497 90 ¶ Bien est accomply ce

1403 628 494 73 que nostre Seigneur a

1397 675 500 90 dit/ uous mauez torne

1400 742 491 82 le dos ⁊ ie me cacheray

1391 786 500 85 de uous/ uous mauez de-

1397 850 497 82 laisse/ ⁊ ie feray que uoꝰ

1394 909 503 79 serez subiectz a ceulx qui

1400 973 497 82 uous destruiront: Le

1397 1031 500 82 mauldit ⁊ miserable mõ

1394 1084 500 91 de aymãt uanite/ ⁊ hais-

1397 1151 491 82 sant uerite/ reiectant ce-

1397 1207 497 73 luy qui est uenu au nom

1400 1259 497 88 de son Pere/ a prins le

1403 1324 497 82 Pape qui est uenu a son

1394 1382 503 79 nom/ ne demãdant que

1394 1438 506 73 son honneur ⁊ gloire: ⁊ a

1391 1493 506 88 iceluy a baille toute sei-

1394 1561 500 76 gneurie/ puissance/ ⁊ au-

1394 1613 506 91 torite. Les princes ne

1397 1672 497 82 sont ilz point pour gar-

1400 1736 497 82 der le pays/ deffendre les

216 1794 1678 76 bons/ ⁊ punir les mauuais? Or quelle deffence peuuent faire ces effeminez ton-

219 1856 1675 73 dus/ rasez/ mitrez/ cornus. Nest il point tout clair que iamais gẽs ne garderent moins

216 1911 1678 76 leurs pays que les papistes/ personne ne fut iamais ainsi persecutant les bons/ ⁊ def-

219 1973 1678 76 fedant les meschans que les papistes/ car pour faire leur uolunte il fault quilz ayent

222 2028 1672 76 toute meschansete de gens/ pour rauir filles/ femmes/ pour tuer/ battre/ frapper/ rom

219 2087 1675 87 pre portes/ entrer aux maisons/ faire leur plaisir/ ⁊ fault que les miserables Princes

219 2139 1672 82 ⁊ Roys souffrent telle puantise de gens/ auoir seigneuries/ iustices/ estre comme ilz

222 2201 1672 79 disent temporelz seigneurs ⁊ spirituelz/ ⁊ en grandement blasphemant Dieu/ disent

222 2256 1672 88 quilz tiennent la place de Iesus ⁊ de ses Apostres/ qui iamais ne eurẽt uille ne uillet-

219 2321 1675 79 te/ ne la moindre iurisdition qui fut iamais sur la terre: mais ont laisse aux Seigñrs

219 2373 1675 82 ⁊ Roys leur seigneurie ⁊ royaulme: regardez que le Pape a ordonne. ¶ Les Eues-

222 2435 1666 84 ques ne doibuent pas estre instituez es petites places ⁊ uilles/ ne sur petit peuple:

219 2499 1675 73 affin que le nom de Euesque ne soit point uile: mais tant seulement es grandes ci-

219 2552 1672 81 tez/ ⁊ sur grosse multitude de peuple. distin.80.c. Urbes.c. In illis.c. Episcopi.c. Il-

219 2610 1672 82 lud sane.c.Non debere. Nous ordonnons que toute ordonnance des prestres ⁊ re-

219 2674 1672 82 ceptions des ordres qui est faicte sans tiltre/ duquel on ne peult souffisamment uiure

219 2724 1675 91 quelle soit de nulle ualeur. 70.distin.c.Sanctorum. Demandons au Pape quel

219 2791 1672 79 tiltre a eu Iesus souuerain Prestre/ ⁊ ses Apostres urays Euesques/ il fault regarder

222 2850 1669 76 les conditions que sont. 1.Timo.3. ⁊ ad Titum.1. Et ainsi le peuple les doibt esli-

222 2899 1672 85 re. Act.1.6. ⁊ non pas le Pape ne aultres. Il seroit plus duysant que ces cornus fus-

219 2964 1675 93 sent ramonneurs de cheminees/ que destre ainsi meschamment uiuans et tenans

225 3031 269 102 tant de bien.

1689 3028 70 196 D
