2479 3508
239 233 1243 103 Le pape en enfer tombe en grand destresse.

1420 584 339 79 Descendit ab infera

1449 637 120 76 presul.

1409 818 421 70 ¶ Qui se eslieue sera

1409 871 415 82 humilie. Matth.23:

1411 932 416 79 ¶ Le Pape sest esle¬

1409 993 415 68 ue sur tous il sera a¬

1411 1040 416 91 bisme plus bas que

1406 1099 426 79 tous. Tõ orgueil est

1409 1172 418 73 abbatu iusques aux

1411 1227 421 76 enfers. Commẽt es

1409 1283 421 73 tu tombe lucifer sor¬

1411 1347 424 76 tant au matin? es tu

1411 1400 419 67 rue a terre qui auoys

1403 1455 421 82 puissãce sur les gẽs?

1411 1517 421 79 Et neãtmoins tu pẽ¬

1411 1569 419 91 sois en ton coeur: Ie

1411 1637 421 76 monteray es cieulx/

1411 1689 421 73 ie esleueray mon sie¬

1411 1751 430 79 ge sur les estoilles du

251 1812 1584 79 ciel/ ie masserray sur la montaigne du testament dou uiẽt le uent/ ie passeray lhau¬

251 1870 1584 76 teur des nuees/ ⁊ seray semblable au treshaultain. Maintenant es tu abbatu en

251 1926 1581 73 enfer iusque au profond de labisme. Esa.14. ¶ Elle est cheute/ elle est cheu

254 1982 1374 76 te la grand Babylone/ ⁊ est faicte habitation des diables. Apocalip.18.

254 2031 1578 88 ¶ Et la beste fut prinse ⁊ auec elle le faulx prophete qui a faict les signes deuant

254 2101 1578 76 luy/ par/ lesquelz il a seduict ceulx qui ont prins la marcque de la beste/ ⁊ qui ont

254 2157 1576 79 adore son image. Ces deux ont este enuoyes tout uifz dedans lestang du feu ar¬

257 2215 1578 82 dant/ ⁊ de soulfre. Et les aultres ont este occis par le glaiue/ lequel procedoit de la

257 2274 1573 79 bouche de celuy qui estoit assis sur le cheual. Apoca.19. ¶ Et adoncques sera ma¬

257 2335 1575 76 nifeste iceluy inique/ lequel nostre Seigneur Iesus occira de Lesperit de sa bou

257 2385 1573 82 che/ ⁊ destruira par la splendeur de son aduenement celuy duquel laduenement est

260 2446 1572 91 selon loperation de Sathan en toute puissance/ ⁊ signes/ ⁊ miracles de mensonge/

260 2508 1575 79 ⁊ en toute seduction diniquite a ceulx qui perissent: pour ce quilz nont point receu

263 2566 1569 79 la dilection de uerite: affin quilz fussent sauuez. Pource Dieu leur enuoyera ope¬

263 2628 1572 108 ration derreur pour croire a mensonges : affin que tous soyent iugez qui nõt point

260 2680 1075 126 creu a uerite/ mais ont consenty a iniquite. 2.Thess.2.
