2479 3508
666 225 588 108 de sa mort ⁊ passion.

228 350 1604 79 la grace diceluy par la redemptiõ laquelle est en Iesus Christ/ lequel Dieu a mis

222 412 1593 73 deuant soy reconciliateur par le sang diceluy. Iustifiez par foy auõs paix a Dieu

225 467 1610 88 par nostre Seigneur Iesus Christ/ par lequel nous auons acces par foy en ceste

225 529 1605 73 grace. Christ est mort pour nous/ pourquoy maintenãt iustifiez en son sang serõs

225 587 1607 73 deliurez de lyre par luy. Nous auons este reconciliez a Dieu par la mort de son

228 643 1602 81 filz/ pourquoy reconciliez/ seront sauuez en la uie diceluy. Nous nous glorifions

225 701 1605 82 en Dieu par nostre Seigneur Iesus Christ/ par lequel nous sommes reconciliez

225 765 1602 79 maintenãt. Uous estes faictz pres par le sang de Christ/ car il est nostre paix/ qui

230 824 1582 73 a faict tous les deux ung/ par iceluy nous auõs acces tous deux en ung esprit au

225 882 1602 79 Pere: son bon plaisir a este quen luy toute plenitude habitast: ⁊ que par luy toutes

228 941 1602 73 choses fusseut recõciliees enuers luy/ appaisant par le sang de sa passion les choses

219 993 1608 79 qui sont. Il estoit decent que celuy pour lequel sont toutes choses/ ⁊ par lequel sont

225 1058 1602 73 toutes choses/ auoir amene beaucoup denfans a gloire/ quil fut faict aucteur par-

228 1116 1599 82 faict de leur salut par passion: affin que par mort il destruysist celuy qui auoit lem-

222 1169 1605 88 pire de mort: cest adire/ le diable. Il a fallu quil aye este semblable par toutes cho-

222 1239 1605 73 ses a ses freres a ce quil fut misericordieux ⁊ souuerain Sacrificateur fidele en-

222 1292 1608 79 uers Dieu/ affin quil purifiast les pechez du peuple. Car en ce quil a souffert ⁊ a

222 1347 1587 85 este tente il est puissant aussi de ayder a ceulx qui sont tentez. Nous auõs le grãd

225 1406 1605 79 souuerain Sacrificateur Iesus filz de Dieu/ qui a penetre les cieulx/ tenons la

219 1470 1605 70 confession de nostre esperance/ car nous nauons point ung souuerain Sacrifica-

222 1525 1602 79 teur/ qui ne puisse auoir compassion de noz infirmitez: mais tente en toutes cho-

222 1587 1608 76 ses par similitude sans peche. Allons dõc au throsne de sa grace en fiance/ affin

210 1642 1617 76 que nous obtenons misericorde/ ⁊ trouuons grace en ayde cõuenable. Christ ne

222 1710 1605 70 sest point clarifie soymesmes/ affin quil fut faict souuerain Sacrificateur/ mais

222 1759 1608 76 celuy qui a parle a luy. Tu es mon filz/ auiourdhuy ie tay engendre/ cõme aussi

222 1821 1605 73 en aultre lieu il dit. Tu es Sacrificateur eternellement selon lordre de Melchi-

219 1882 1608 73 sedec/ lequel aux tours de sa chair offrit prieres ⁊ supplications a celuy qui le pou-

219 1938 1613 73 uoit sauuer de mort auec grand cry ⁊ larmes/ ⁊ fut exaulce pour sa reuerence. Et

219 1999 1605 67 certes comme ainsi fut/ quil estoit filz de Dieu/ il apprint obedience par les cho-

216 2046 1602 88 ses quil souffrit/ ⁊ luy qͥ estoit tout parfaict a este faict cause de salut eternel a toꝰ

219 2113 1608 73 ceulx qui luy obeissent/ appelle de Dieu souuerain Sacrificateur selon lordre de

213 2163 1593 82 Melchisedec. Plusieurs aultres ont este faictz Sacrificateurs pource que par la

219 2236 1602 67 mort estoyent empeschez de demourer: mais cestuy pour ce quil demeure eternelle-

219 2294 1599 70 ment/ il a sans fin loffice de Sacrificateur/ pourquoy il peult sauuer perpetuelle-

222 2341 1605 85 ment ceulx qui sapprochent de Dieu par luy/ uiuant iousiours pour interceder

222 2411 1599 70 pour nous/ car il estoit conuenable que nous eussions ung tel souuerain Sacrifi-

222 2470 1605 70 cateur/ sainct/ innocent/ sans macule/ separe des pecheurs/ ⁊ plus hault que les

222 2528 1602 73 cieulx/ lequel na point necessite comme les souuerains Sacrificateurs offrir tous

219 2587 1602 70 les iours sacrifices/ premieremẽt pour les propres pechez/ puis apres pour ceulx

219 2639 1596 79 du peuple/ car il a faict en soy offrant une foys. Certes la loy ordonne les hom-

216 2701 1593 76 mes souuerains Sacrificateurs qui ont infirmite: mais la parolle du iurement/

213 2753 1596 79 qui est apres la loy/ ordonne le filz parfaict eternellement. Nous auons ung tel

216 2818 1590 79 souuerain Sacrificateur/ qui est assis a la dextre du siege de la maieste es cieulx/

219 2876 1605 76 ministre des sainctuaires/ ⁊ du uray tabernacle/ lequel Dieu a dresse/ ⁊ non point

210 2935 1599 81 lhomme. Sil estoit sur la terre il ne seroit point Sacrificateur. Christ souuerain

216 2996 1608 117 Sacrificateur des biens aduenir/ est uenu en presence par ung plus grand ⁊ plus

1458 3054 228 106 E .ii.

1827 362 134 134 Rom̃.5.

1824 742 149 167 Ephe.2.

1830 833 125 67 Colos.1.

1832 1011 138 82 Hebre.2.

1821 1295 146 134 Hebre.4.

1827 1637 122 102 Hebre.5.

1824 2169 131 84 Hebre.7.

1818 2709 155 112 Hebre.6.

1827 2911 160 114 Hebre.9.
