2479 3508
970 251 1254 117 Es cieulx yeult Iesus que soit nostre tresor.

651 415 389 84 Spcrnit opes C bufus.

534 532 547 84 ¶ ql fault soustenir les fol

537 599 544 70 bles ⁊ auoir souuenãce des

534 657 541 73 parolles du seigneur Iesus

534 713 538 70 Car il a dit. q̃ c est chose plꝰ

537 762 538 91 benoisie de dõner q̃ de pren-

534 827 538 79 dre. Act.ro. C Pourquoy

534 888 541 73 d autant quon est plus pres

534 944 544 76 de Iesus, d autãt est on plus

532 999 540 79 loing de toute auarice; com

529 1049 549 99 me dit .S. Paul. Ie n ay poĩt

529 1119 552 76 conuoite l argent ne l or, ou

526 1172 555 76 la robbe d aucun;mais uous

523 1233 552 79 scauez que ces mains icy

532 1295 540 73 ont ministre a mes necessi

529 1356 552 79 tez, ⁊ a ceulx qui sont auec

523 1411 310 79 moy. Lct. ⁊ o.

526 1470 552 73 ¶ C est ung grand gains q̃

523 1525 552 79 piete auec le coeur content

526 1587 546 73 dece qu il a. Car nous na-

523 1645 555 73 uons rien apporte en ce mõ-

523 1698 561 79 de;il n est a doubter q̃ riens

523 1765 549 73 aussi n en pouons emporter.

517 1824 1728 70 i. Timo.o. ¶Malheur sur uous oscribes ⁊ pharisiens hypocrites qui mãgez les mai-

523 1879 1716 79 sons des uefues soubz umbre de longues oraisons, pour ce uous receurez plus grãde cõ-

523 1938 1716 73 demnatiõ. Matih. ⁊. ¶faictes uoz thresors au ciel, la ou ne la rouilleure, ne la tigne

520 2002 1678 76 ne corrompent riẽs, ⁊ la ou les larrons ne esfouyssent, ⁊ ne desrobent point. Matt. O.

520 2055 1716 76 ¶ Ceulx qͥ ueulent estre riches tombẽt en tẽtation, ⁊ au lacz du diable; ⁊ en plusteurs de-

523 2116 1716 73 sirs inutiles ⁊ nuysans, lesquelz plongẽt les hõmes en mort ⁊ en perdition, car la racine

523 2180 1716 68 de tous maulx est auarice.i. Timo.o. ¶Regardez mes freres en ce chapitre comment

520 2236 1716 82 sont touchez tous papisticques, qui ne pensent estre aultre piete que gaing, enseignans

523 2294 1713 73 aultrement que S. Paul audict chapitre n enseigne; ⁊ pourtant sont appellez idolatres.

523 2350 1713 76 car auarice est seruitude des idoles. Colos.⁊. CBienheureux ⁊ sainct est celuy qui a

517 2408 1719 82 part en la premiere resurrection. Apoca.ro. QQuon regarde si esus a monstre ne en-

520 2461 1713 79 seigne a ses apostres aucune maniere de tirer argent des paoures gens, ne si luy en a ia-

520 2522 1713 85 mais tire fors que de prescher purement la parolle de Dieu sans y rien mesler. Et au cõ-

517 2581 1713 76 traire est il possible de penser aucune maniere ⁊ fasson de tirer argent du paoure peuple-

517 2639 1716 85 sust il iamais bateleur qui peult penser tant de moyens pour auoir argent, comme le pa-

517 2695 1716 93 pe a controuue; Il n est soulier, corde, chausse, robbe, braye, pierre, saincture, bõnet, bastõt,

517 2750 1716 94 foin, paille, os, chair, terre, boys, qui pourroit nombrer tout ce qui met au deuant pour ar-

517 2815 1716 82 gent, ⁊ de tout tant quont ueult; des cloux de Iesus tout en est plein; des circoncisions a

517 2873 1710 91 rõme il y en a, ⁊ au Puis, ⁊ en aultres lieulx; cõme si plusieurs fois Iesus auoit este cir-

514 2932 1649 102 concis, ⁊ aussi a sorce suaires, ⁊ le mõde est si bestie qͥl croit tout, ⁊ par tout dõne aroẽt.
