2479 3508
993 242 1269 123 Iesus despine si est couronne piteusement.

666 456 354 111 Splnosan coufuo.

701 724 386 76 ¶ Certes Chrisi

672 783 409 76 na point pleu a soy-

675 836 409 81 mesmes, mais ainsi

669 900 412 79 qu il estes cript. Les

669 958 409 71 opprobres de ceulx

669 1008 415 76 qui te reprochoyent-

669 1067 412 116 sont cheuz sur moy.

672 1137 190 70 Rom̃.15.

672 1166 415 96 ¶Les gensdarmes

669 1245 421 88 du preuost prindrent

672 1303 415 76 Iesus au pretoire, et

669 1368 418 73 assemblerent deuant

666 1420 415 79 luy toute la multitu-

672 1482 421 79 de, ⁊ le deuestirent et

666 1546 418 64 luy mirẽt au tour de

666 1599 415 70 luy ung manteau de

666 1657 418 85 pourpre, ⁊ ployerent

669 1715 415 79 une couronne despi-

669 1774 421 79 nes; ⁊ la mirent sur

666 1830 1596 81 son chieft ⁊ ung rouseau en sa main dextre, ⁊ se agenouilloyent deuant luy, ⁊ se

666 1894 1593 99 mocquoyent de luy, disans;le te salue koy des quuifz, ⁊ crachoyẽt cõtre luy, ⁊ prln-

669 1955 1026 82 drent ung roseau ⁊ srappoyent son chief. Marih. ⁊ i.

669 2002 1587 96 ¶ Et herode auec son exercice le cõiemnaᷤ ⁊ se mocqua de luy apres qu il leust ue-

666 2069 1131 82 stu dung uestement blanc, ⁊ le renuoya a Pilate. Luce. ⁊z.

669 2131 1590 73 ¶ C hrestiens ie uous prie retournez uous a ce tresdoulx ⁊ tresbenins Sauueur

672 2189 1584 79 Frsus, qui tant pour uous a porte de tormens ⁊ affliciions, mort pour uoꝰ en tres-

672 2248 1584 76 grosse angoisse ⁊ paourete. Helas que uous a il faict que uous ne uenez a luy, qui

672 2306 1584 76 tant amyablement uous appelle. Pour ce qu il uous donne tout ⁊ plus que on ne

669 2362 1579 81 sc auroit dire ne exprimer, le uoulez uous contemner ⁊ laisser pour retourner a l y-

672 2423 1587 82 dole de kõme. Helas ll y a bien choys, Christ uient pour uiuifier, ⁊ le Pape pour

672 2481 1584 76 tuer, Christ uous instruict, Le Pape uous destruict, Chrisi uous nourrisi, Le

675 2540 1573 79 Pape uous deuore, Christ doulx ⁊ pitoyable a contempler, Le Pape est fier ⁊ or-

672 2604 1584 79 gueilleux, triumphãt ⁊ saisant grand chere de uostre sueur ⁊ sang, se esiouyssant

669 2663 1581 73 de uostre mort. Et uous le suyuez en delaissant celuy qui pour uoꝰ a souffert ious

669 2718 1579 123 opprobres ⁊ maulx; afsin que uoꝰ triumphisiez ⁊ eussiez le royauime ciemel. Le-

663 2777 947 122 uez boz yeulx ⁊ repardez quel c hange auez saia.
