2479 3508
1160 467 126 225 L

222 222 1546 114 Et le pape la messe controuue/ chief de toute abusion.

1259 342 378 146 Sed fedus dissipate iste.

1292 470 482 105 A messe est controuuee

1306 546 468 79 au lieu de la cene de no-

1297 605 471 87 stre Seigneur/ comme il

1143 669 625 73 appert en ce quilz appellent con-

1140 727 628 76 secration/ ou sont dictes secrete-

1137 780 631 82 ment aucunes parolles q̃ nostre

1145 847 623 73 Seigneur dit faisant la cene: cõ-

1137 897 631 88 mes/ ce certes est mon corps. Et il

1143 970 611 70 fault q̃ la messe soit dicte en ung

1143 1026 613 128 temple desdie/ quõ appelle Egli-

1145 1093 603 67 se consacree/ combien que Eglise

1145 1125 611 85 soit congregation ⁊ assemblee de

1148 1198 608 76 gens/ ⁊ fault aussi quon chante

1143 1254 611 79 la messe sur ung autel consacre/

1134 1303 631 88 et est deffendu a tous fideles de

1140 1365 628 87 faire chãter messes en leurs mai

1140 1426 625 82 sons. Et en cecy se faict le pape

1137 1482 622 79 plus sage que Iesus/ leq̃l a faict

207 1537 1547 94 sa cene en ung cenacle/ en une sale/ sur une table/ ⁊ aussi que les sainctz Apostres/

204 1607 1547 70 qui par les maisons ont rõpu le pain sans autelz ne tẽples cõsacrez. Il est deffen-

201 1654 1541 85 du a toꝰ laiz destre au lieu ou sont les sacrificateurs/ cest adire ceulx qͥ exercẽt loffi

201 1713 1555 90 ce sacerdotal/ ⁊ les clercz/ leq̃l lieu on appelle presbytere/ ⁊ ce au temps de la messe

207 1774 1549 88 ou il dit que les honneurs de ceulx qui ont loffice sacerdotal ⁊ des clercz doibuẽt

204 1835 1547 88 estre separez des laiz. Et ce au cõtraires de Iesus qui est assis au milieu de ses di-

201 1891 1547 88 sciples/ uoire cõme le seruiteur. Il y a troys principaulx differẽs en leurs messes/

204 1967 1550 64 le prestre/ leuesque/ ⁊ le pape/ lesquelz ont uestemẽs diuers ⁊ diuerses ceremonies/

207 2002 1555 91 lesquelles seroit chose fort facheuse a reciter/ ceulx qui ont tant de loysir regardãt

207 2072 1555 82 les resueries cõtenues au liure nomme Rationale diuinorum officiorum: ⁊ en ce-

207 2125 1555 82 luy quon appelle Pastorale. Et a bon droict sera lon estonne des singeries que ces

204 2183 1552 79 gens font/ ⁊ comme lon a tant trouue de fassons de faire tant de beneissons des

204 2248 1552 81 uestemens/ nappes/ seruiettes/ mouchoirs corporaulx/ uaisseaux de boys/ de pier-

210 2300 1538 85 res/ couuertures/ lesquelles choses le Pape commande/ quand sont presque con-

210 2376 1545 70 summees ⁊ gastees quon ne les donne point aux gens laiz: mais quon les brusle/

207 2414 1555 91 aymant mieulx quon les destruise sans proffit/ que si lon les faisoit seruir a quel-

201 2481 1541 82 que chose/ ⁊ si on les donnoit aux paoures. Il nest loysible a personne de toucher

204 2534 1552 79 le pain apres la consecration/ mais quand le peuple uiẽt pour le receuoir/ le prestre

204 2592 1547 85 le met dedans la bouche dung chascun/ le calice est a tous deffendu/ fors a iceluy qͥ

204 2657 1552 76 chante messe/ cõme il a este cõclud au concile tenu a Cõstance enuiron .1416. La

204 2712 1550 76 ou il fut ordonne/ q̃ aux cõmunians on ne dõnast le sacremẽt fors q̃ en une espece/

204 2768 1552 79 en ne permettant sinon que au seul chantant messe de receuoir les deux especes/ ⁊

204 2829 1558 82 sur ce Ioãnes hus/ ⁊ Hierosme de pragit furent bruslez/ pourtant qͥlz ne uouloyẽt

207 2885 1552 76 cõsentir aux cardinaulx/ euesques/ ⁊ abbez/ ⁊ ne se uolurent desdire ne reuocquer

207 2940 1555 129 de ce quilz auoyent dit/ ⁊ entre les aultres choses ilz disoyent quon debuoit ainsi

1768 894 143 73 De cõse.

1768 955 132 59 distinc.1.

1768 991 135 64 missarũ.

1765 1040 120 53 eccłias.

1774 1069 134 82 Hic ergo.

1774 1125 99 53 Sicut

1768 1148 149 109 non alii

1768 1210 73 47 uni-

1762 1230 91 103 cuiqz.

1765 1458 151 141 mar.14.

1768 1575 132 70 Luce.22.

1759 1619 135 64 Actũ.2.

1759 1669 141 52 De cõse

1762 1701 141 79 cra.distĩ.

1759 1756 120 56 2.sacer-

1765 1783 126 79 dotum.

1754 1879 157 91 Luce.22.

1754 2283 154 96 de cõsee.

1745 2359 155 61 dist.1.Li.

1756 2405 141 65 gna.Al-

1756 2449 123 65 taria.

1756 2487 123 65 Nemo.
