2479 3508
228 222 1292 102 Et le pape de pierrerie ⁊ or sumptueusement.

1435 450 476 84 Triplicem gerit ille coronam.

1391 678 555 70 ¶ Quel orgueil/ quelle põ-

1388 733 556 70 pe/ quelle boubance peult e-

1391 792 555 76 stre cõparee a celle du Pape

1391 856 550 70 a son uestement ⁊ son coron-

1391 909 553 79 nement? nest ce pas la grãd

1385 961 561 79 paillarde? de laquelle est dit

1388 1026 556 73 quelle estoit assise sur une be

1388 1084 556 70 ste rouge plaine de noms de

1394 1143 552 73 blasphemes? laquelle estoit

1388 1198 553 79 enuirõnee de pourpre ⁊ des-

1391 1259 553 82 carlate/ ⁊ doree dor ⁊ de pier-

1391 1321 555 70 res precieuses/ ⁊ de margue-

1388 1379 558 73 rites ayant en sa main ung

1388 1429 556 85 calice dor plain dabomina-

1391 1496 555 79 tion ⁊ dimmundice de sa for-

1391 1555 547 79 nicatiõ? Elle ua a perditiõ:

1391 1604 558 88 ⁊ se esmerueilleront les habi

1397 1675 555 70 tans de la terre/ qui ne sont

1400 1727 546 76 point escriptz au liure de la

222 1797 1722 76 cõstitution du monde. Apoca.17. ¶ Le pape se uante quil a eue en don la coronne ⁊ le

222 1853 1722 76 manteau de pourpre ⁊ aultres abillemens imperiaulx/ comme il appert. distinc.96.Cõ-

222 1911 1722 79 stantinus. Non obstant que iamais Empereur neust telle coronne/ ne telz abillemẽs que

219 1967 1722 85 le pape porte/ en se mocquant de Iesus ⁊ de S. Pierre/ pour estre adore des hommes: com-

222 2034 1716 73 me sainct pere ⁊ Dieu en terre. Comment ne regarde lon ce qui est dit de tenir le lieu des

222 2087 1707 79 sainctz? ce nest pas estre en leur place/ mais suyure leur foy: comme il est contenu au de-

219 2139 1719 76 cret. distinc.40.Non est facile. Il fault faire comme S. Pierre qui ueult estre son succes-

219 2204 1719 79 seur/ aultrement qui faict comme Iudas/ Anne/ ⁊ Caiphe/ ⁊ Simon magus: il est leur

222 2259 1719 79 successeur/ la dignite ne faict point Leuesque/ mais la uie. 2.qõ.7.Non omnes. Tous qui

219 2318 1722 84 ayment mensonge son filz du diable/ non seulement en parolles: mais aussi en faictz/ cest

225 2379 1716 73 mensonge soy dire Chrestien/ ⁊ ne faire les oeuures dung chrestien/ soy dire euesque ⁊ fai

222 2435 1716 84 re le contraire. 22.q.5.Cauete fratres. Ne uoit on pas que tout condemne lestat du Pa

222 2499 1719 79 pe/ puis quil ce dit successeur de Iesus ⁊ de Pierre/ ⁊ ne tient rien de eulx: mais leur est

219 2557 1722 112 en tout contraire/ qua il conforme a la coronne despines ne auec la predication de sainct

228 2613 289 129 Pierre? Rien.

1727 2657 67 155 B
