2479 3508
789 222 1102 105 Iesus la Cene ordonne/ en memoire

648 333 1602 85 parfaict tabernacle: non point de la main/cest adire/ non point de ceste creation: et

654 394 1591 79 non point par sang de boucz/ ou de ueaulx/ mais par son propre sang est entre une

657 453 1588 84 foys es sainctuaires/ ⁊ a trouue redemption eternelle. Car si le sang des boucz/ ⁊

654 517 1591 76 toreaulx/ ⁊ la cendre de la genisse esparse sainctifie les souillez pour la purificatiõ

654 570 1594 76 de la chair/ combien plus fort le sang de Christ: qui par le S. Esperit sest offert a

651 622 1591 91 Dieu soymesmes sans macule/ nettoyera nostre conscience des oeuures mortes/

654 689 1594 79 pour seruir a Dieu uiuant. Et pour ce il est mediateur du nouueau testament: affin

657 748 1585 82 que moyennant la mort/ ceulx qui sont appellez/ receoyuent la promesse de Leter¬

654 806 1585 73 nel heritage en la redemption des transgressions lesquelles estoyent soubz le pre¬

651 865 1588 76 mier testament/ il est necessaire que la mort du testateur y entreuiengne. Car le te¬

651 926 1594 73 stament est conferme en ceulx qui sont mortz/ aultremẽt ne uault riens encores/

648 985 1600 73 durant que celuy qui a faict le testament uit. Parquoy certes le premier na point

648 1043 1591 79 este desdie sans sang: car apres que le commandement de la loy fut leu par Moy¬

654 1099 1591 84 se a tout le peuple/ il print le sang des ueaulx ⁊ boucz/ auec de leau ⁊ de la laine

654 1163 1588 82 teincte en rouge/ ⁊ de lysope/ ⁊ arrousa le liure ⁊ tout le peuple du sang/ semblable¬

654 1224 1585 76 ment le tabernacle ⁊ tous les uaisseaux qui y feruoyent/ ⁊ presque toutes choses

654 1283 1588 73 selon la loy sont nettoyees par sang: et sans effusion de sang il ne se faict point

654 1335 1588 74 de remission. Il est doncques necessaire que les figures des choses celestes fussent

651 1397 1591 73 nettoyees par ces choses: mais les choses celestes par meilleurs sacrifices que

654 1455 1588 76 nestoyent iceulx. Car Iesus nest point entre aux sainctuaires faictz de mains/

651 1514 1588 73 figures des urays: mais au ciel mesmes/ affin que maintenant il apparoisse pour

651 1572 1591 85 nous deuant la face de Dieu/ ⁊ non point qui se offre souuentesfoys soymesmes/

654 1639 1588 68 en la maniere que le souuerain Sacrificateur es sainctuaires tous les ans en au¬

651 1692 1597 73 tre sang que le sien/ aultrement il luy eut fallu souuentesfoys souffrir despuis le

651 1748 1597 73 commencement du monde. Mais maintenant en la consummation des siecles/

654 1803 1594 79 il est apparu une foys par son sacrifice/ pour la destruction de peche. Et ainsi quil

654 1868 1594 70 est ordonne aux hommes de mourir une foys/ ⁊ apres ce le iugement: ainsi aussi

657 1926 1582 76 Christ a este offert une foys pour abolir les pechez de plusieurs. Christ resuscite

657 1990 1576 76 des mortz ne meurt iamais plus. Tout Sacrificateur assiste tous les iours/ ad¬

654 2043 1591 73 ministrant ⁊ offrant mesmes sacrifices/ lesquelz ne peuuent oster les pechez/ car

654 2101 1585 82 il est impossible que les pechez soyent ostez par le sang des toreaulx ⁊ des boucz.

651 2166 1594 79 Ces mesmes sacrifices quilz offrent tous les ans ne peuuent parfaire ceulx qui

654 2227 1585 70 approchent aultrement ilz eussent cesse destre offers/ pource que les sacrifians

657 2277 1585 79 nettoyez une foys nauroyent plus aucun remors de peche: mais par iceulx est

654 2341 1585 82 faicte commemoration des pechez chascun an. Uoicy ie uiens/ affin sire Dieu

657 2402 1582 76 que ie face ta uolunte/ il oste le premier: affin quil establisse le second/ par laquelle

657 2458 1585 73 uolunte nous sommes sanctifiez par loblation une foys faicte du corps de Iesus

654 2519 1591 73 Christ. Cestuy offrant ung sacriffice pour les pechez/ est assis eternellement

657 2575 1588 76 a la dextre de Dieu/ du surplus attendant iusques a ce que ses ennemys soyent

657 2636 1588 79 mis la scabelle de ses piedz. Car par une oblation il a parfaict eternellement

657 2698 1585 76 les sainctifiez. Ie nauray plus souuenance doresnauant de leurs pechez ⁊ de leurs

660 2753 1579 82 iniquitez: ⁊ la ou il y a remission dicelles/ il ny a plus doblation pour le peche.

651 2809 1582 88 Il ne nous est plus laisse sacrifice pour les pechez. Sachans que uous estes ra¬

663 2876 1582 70 chetez de uostre uaine conuersation de la tradition de uoz peres/ non point par cho

657 2929 1576 82 ses corruptibles/ par or ou par argent: mais par le sang precieux de Christ/ qui

654 2990 1585 105 est comme laigneau incõtamine ⁊ sans macule. Le sang de son filz Iesus Christ

508 1926 146 76 Rom̃.6.

511 1993 149 82 Hebre.10.

508 2821 138 96 2.Pet̃.1.

499 2894 149 111 1.Ioã.1.
