1700 2447
459 130 357 73 le faict sien.

46 195 1166 86 disant: Nous sans doubte auons superiorite sur Lempire, ⁊

46 267 1170 69 iceluy uacant, nous luy succedons, ayans plenitude de puis-

51 318 1167 83 sance, laquelle le Roy des Roys, ⁊ le Seigneur des Sei-

48 385 1168 61 gneurs, nous a donnee, le Roy aussi de Cecile nous est sub-

46 436 1172 77 iect iusticiable, ⁊ nostre uassal, tenant de nous son Royaume

46 497 1164 71 ⁊ terres. in Clementi. de senten. ⁊ re iudica. Pastoralis. L em

51 548 1161 75 pereur Constantin, nous a donne Lempire Doccident, la

48 605 1160 82 couronne, ⁊ le manteau de pourpre, ⁊ tout ce que appartient a

42 662 1160 76 la dignite Imperialle. 12. q.1. Futuram. ⁊ distin.96. Constan

40 719 1182 80 tinus. Les Empereurs doibuẽt estre subiectz aux Euesques,

44 785 1164 63 non point auoir preminence. distin. 96. Si imperator. Les

46 834 1166 73 prestres sont maistres, et peres des Princes. distinct. 96.

44 891 309 71 Quis dubitet.

44 942 1170 77 ¶ Regardez Chrestiens, si tout le droict Canon ne tache a

40 1011 1174 67 cela, de destruire tous Roys Empereurs, ⁊ Seigneurs, ⁊ leur

42 1066 1174 75 oster le glaiue, lequel Dieu leur a donne, comme S. Paul

40 1117 1174 82 dit aux Romains.13. pour accomplir ce que dit S. Pierre, que

42 1186 1166 70 se sont auteurs de sectes, comme est le Pape, ⁊ les religieux,

40 1241 811 57 qui contemnent la domination.2. Pier.2.

40 1290 1172 80 ¶ Quon regarde la uie de Boniface. uiii. comme il sest porte

40 1356 1170 61 enuers les Empereurs, ⁊ la uie de Hildebrant, grand magi-

40 1404 1170 74 cien, quon appelle Gregoire septiesme, quest ce qu il na faict

42 1470 1168 71 pour destruire Lempire; combien tous les Papes ont este a

40 1519 1168 79 L empire ⁊ les grandz tors quilz ont faict aux droictz ⁊ natu

42 1576 1162 81 relz seigneurs, leurs ostãt leurs seigneuries ⁊ royaumes, les

40 1631 1037 71 donnant aux traistres qui maintenissent les Papes?

40 1696 1166 71 ¶O Princes, quand aurez uous yeulx de recongnoistre ce-

40 1751 1164 72 luy qui commande quon uous rende ce quon uous doibt, ne

40 1804 1164 84 uoulant usurper, ne uous oster uostre puissance. Luc. 12. Ma-

42 1869 258 78 thieu.17.22.

1236 485 127 94 De ceste

1230 556 94 55 faulse

1228 591 120 61 donatiõ

1225 631 91 54 uoyez

1224 683 120 53 Laurẽs

1224 719 137 62 ualle en

1226 758 131 96 sõ livre

791 1914 437 131 B 2
