1700 2447
271 130 688 88 couronne piteusement.

24 207 1173 88 rouseau en sa main dextre/ ⁊ se agenouilloyent deuant luy/ ⁊

26 263 1167 85 se mocquoyent de luy/ disans: ie te salue Roy des Juifz/ ⁊ cra¬

26 328 1163 85 choyent contre luy/ ⁊ prindrent un roseau et frappoyent son

24 377 422 79 chief. Matthieu.27.

24 436 1169 75 ¶ Et Herode auec son exercite/ le contemna/ ⁊ se mocqua de

26 495 1169 88 luy/ apres quil leust uestu dun uestement blanc/ ⁊ le renuoya

24 556 351 63 a Pilate. Luc.23.

26 615 1169 70 ¶ Chrestiens/ ie uous prie retournez uous/ a ce tresdoulx ⁊

24 672 1171 70 tresbening Sauueur Iesus/ qui tant pour uous/ a porte de tor

24 732 1169 71 mens ⁊ afflictions/ mort pour uous/ en tresgrosse angoisse ⁊

28 783 1159 71 paourete. Helas que uous a il faict/ que uous ne uenez a luy/

24 840 1167 75 qui tant amyablemẽt uous apelle? Pour ce quil uous donne

26 909 1165 57 tout ⁊ plus que on ne sauroit dire nexprimer/ le uoulez uous

24 956 1163 69 contemner ⁊ laisser pour retourner a lydole de Rome? Helas/

24 1015 1171 69 il y a bien choys/ Christ uient pour uiuifier/ ⁊ le Pape pour

24 1074 1169 67 tuer/ Christ uous instruict/ Le Pape uous destruict/ Christ

24 1127 1171 76 uous nourrist/ Le Pape uous deuore/ Christ doulx ⁊ pitoya

26 1186 1167 72 ble a contempler/ Le Pape est fier ⁊ orgueilleux/ triumphant

26 1241 1163 74 ⁊ faisant grand chere de uostre sueur ⁊ sang/ se esiouyssant de

26 1303 1167 73 uostre mort. Et uous le suyuez en delaissant celuy qui pour

24 1356 1167 71 uoꝰ a souffert tous opprobres ⁊ maulx/ afin que uous trium¬

30 1415 1161 91 phissiez/ ⁊ eussiez le Royaulme eternel. Leuez uoz yeulx/ ⁊ re¬

26 1478 588 120 gardez quel change auez faict.

834 1521 376 126 B 3 ¶ Quel
