1700 2447
481 114 431 73 laue les piedz.

81 181 1167 84 comme un paoure malfaicteur/ combien quil neust iamais

83 242 1161 86 faict mal/ pourtãt delaissant tout/ allons a luy par uraye foy/

81 297 1174 90 tenans sa saincte Parolle/ ayans charite/ regardant ce quil

77 367 206 63 nous dit.

81 411 1167 82 ¶ Si doncques moy Seigneur ⁊ Maistre/ ay laue uoz piedz/

79 475 1172 75 uous debuez aussi lauer les piedz lun de lautre. Car ie uous

79 538 1114 69 ay donne exemple/ afin que faciez comme ie uous ay faict

79 589 1174 79 En uerite/ en uerite/ ie uous dis/ que le seruiteur/ nest point

83 648 1165 84 plus grand que son Seigneur/ ne Lapostre/ que celuy qui len

79 703 1172 78 uoye. Si uous sauez ces choses/ uous serez bienheureux/ si

81 768 523 68 uous les faictes. Iehan.13.

81 813 1165 84 ¶ Aprenez de moy/ que ie suis debonnaire ⁊ humble de coeur.

79 887 284 63 Matthieu.11.

83 933 1163 76 ¶ Ie suis au millieu de uous/ comme celuy qui sert. Luc.22.

83 999 1165 71 ¶ Sentez en uous ce qui a este en Iesus Christ/ lequel/ com¬

85 1048 1163 79 me ainsi fut quil estoit en la forme de Dieu/ il na point repu¬

85 1107 1163 75 te larrecin estre esgal a Dieu: mais il sest aneanty soymes¬

85 1168 1166 71 mes/ prenant la forme du seruiteur/ faict en la similitude des

89 1229 1166 71 hommes/ ⁊ trouue en habit/ comme homme. Il sest humilie

91 1286 1166 84 soy mesme/ ⁊ a este faict obedient/ iusques a la mort/ uoyre

93 1343 549 74 la mort de la croix. Phil.2.

1038 1398 221 96 C ¶ Il
