1700 2447
340 106 741 93 par les Roys sont baisez.

100 177 1171 92 chief/ il fault/ ou quil soit Iesus Christ/ ou que Leglise aye

102 242 1167 86 deux chiefz/ ou si le Pape est chief/ Iesus ne lest point/ ⁊ si

104 299 765 80 Iesus est chief/ le Pape ne le peult estre.

104 354 1165 84 ¶ Ilz ont adore la beste/ disans: Qui est semblable a la beste/

102 415 1163 80 a laquelle a este donnee gueule parlant grandz choses ⁊ blas-

102 473 1167 73 phemes/ laquelle blaspheme Dieu/ ⁊ son nom/ ⁊ son taberna-

102 530 1165 73 cle/ ⁊ ceulx qui habitent au ciel/ ⁊ luy a este donne de batail-

102 587 1167 81 ler contre les sainctz/ ⁊ les uaincre/ ⁊ tous ceulx qui habitent

102 640 1165 79 en la terre/ lont adore/ desq̃lz les noms ne sont point escriptz

100 699 1169 79 au liure de uie/ ⁊ aucun ne pourra uendre nacheter/ sil na la

102 754 1161 90 marcque/ ou le nom de la beste/ ou le nombre de son nom.

102 813 293 67 Apocalipse.13.

100 862 1165 94 ¶ Ceste orgueilleuse fasson de faire baiser les piedz a prins

100 929 1167 76 le Lape des tyrans de Perse/ comme lon peult ueoir es dia-

102 982 1165 76 logues de Lucien in Nigrino/ ⁊ faict mention de ce baisemẽs

100 1042 1167 83 en ses canons. De priuile. cleri. cum olim. ⁊ in. Clementi. de

104 1107 722 67 senten. excommu. Si summus ponti.

102 1162 1167 71 ¶ Sainct Pierre/ uray seruiteur de Dieu/ ne souffre point que

100 1223 1167 73 Cornille se iecte a ses piedz: mais luy commande quil se lie-

102 1272 642 67 ue/ disant/ ie suis homme. Act.10.

100 1327 1163 86 ¶ Et S. Paul/ ⁊ Barnabas aussi ne souffrent lhõneur quon

104 1388 469 72 leur ueult faire. Act.14.

102 1441 1165 76 ¶ Mais ces horribles/ que diray ie/ pires que hommes qui

100 1502 1163 72 iamais fussent/ se font adorer/ mesmes des haultes puissan-

100 1559 887 68 ces/ de ceulx qui ont le nom de Dieu. Psal.81.

104 1621 1159 69 ¶ O cecite/ o horrible ydolatrie. Il y a sept baisiers du Pape:

100 1680 1163 71 a la bouche/ a la poictrine/ a lespaule/ a la main/ aux bras/ aux

102 1739 1163 71 genoulx/ aux piedz. Le diacre luy baise les piedz/ auant quil

100 1794 1030 67 lise Leuangile/ ⁊ le souldiacre apres auoir leu lepistre.

100 1853 1169 88 Les Putains le baisent a la bouche Et les autres ainsi quil

104 1912 181 72 aduient.

853 1959 428 114 C 2 ¶ Rendez
