1700 2447
408 106 630 89 ⁊ toutes impositions.

110 183 1190 82 gneurs/ non seulement aux bons ⁊ modestes: mais aussi aux

112 246 426 61 difficiles. 1. Pierre.2.

114 295 1171 74 ¶ Ua a la mer/ ⁊ iette lhaim/ ⁊ le poisson qui premier monte-

112 362 1169 70 ra/ prens le. Et quand luy auras ouuert la gorge/ tu trouueras

112 413 1169 78 une statere/ prens la/ ⁊ la dõne pour moy ⁊ pour toy. Mat.17.

114 479 1169 63 ¶ Toute ame soit subiecte aux puissances superieures. Elle

114 532 1169 71 ne porte pas le glaiue sans cause. Rendez doncques a tous

114 597 1171 57 les choses deues/ a qui tribut/ le tribut/ a qui crainte/ la crain-

112 648 716 65 te/ a qui honneur lhonneur. Rom.13.

118 703 1165 67 ¶ Et afin quon uoye que le Pape ⁊ les siens/ ne tiennent cõ-

116 762 1165 65 pte/ ne de la saincte Escripture/ ne de ce que parauant a este

116 819 1167 68 ordonne: mais pour son proffit il change tout/ ⁊ ordonne tout

118 884 1169 66 au contraire. Il est escript que Leglise possede par le droict hu

116 935 1165 74 main/ lequel est des Empereurs/ ausquelz il fault obeir. dist.8.

120 991 1165 65 Quo iure. Celuy qui ne obeist aux loix des Empereurs/ il

116 1048 1171 65 acqueste un grand torment. distin.9. imperatores. Ainsi est dit

116 1103 1165 67 quil fault garder les loix imperiales/ aux affaires humains.

116 1160 1165 71 ⁊ leur obeir. distin.10. de capitulis certum uestram. Les pos-

118 1215 1165 79 sessions de Leglise payent tribut a Lempereur. 11.q.1. Si tri-

116 1282 1169 61 butum. 23.q.8. Tributum. Un grand ⁊ special enseignement

120 1333 1161 76 par lequel/ les Chrestiens sont apprins destre subiectz aux

120 1400 1167 66 puissances souueraines/ afin que personne ne pense que la

120 1458 1165 63 constitution du Roy terrien/ doibue estre rompue. Car si le

124 1508 1163 68 Filz de Dieu/ a paye la cense/ qui es tu qui penses quon ne la

122 1566 1163 69 doibue payer? 11.q.1. Magnum. Le seruiteur obeisse au Sei-

124 1623 1163 81 gneur/ quand il ne commande chose contraire/ a la saincte

122 1680 631 83 Escripture. 11.qõ.3. Si dominus.

932 1731 357 94 C 3 ¶ Les
