1700 2447
308 106 847 110 sont francz par fulminations.

118 177 1182 108 leurs biens acquis/ ou quen apres ilz acquesteront/ sur la pei-

118 246 1177 98 ne dexcommuniement/ tant a ceulx qui exigeront/ que aux

116 309 1165 92 clercz/ qui payeront. De immunitate eccle. Clericis. ⁊ ca.

116 358 1165 88 Quia nonnulli.lib.ui. Et il dit que les Empereurs/ doib-

114 420 1177 97 uent estre subiectz a luy/ ⁊ non pas luy aux Empereurs. 96.

116 475 432 71 distinc.Si imperator.

116 530 1169 91 ¶ Ainsi le Pape a rompu le cõmandmẽt de Dieu/ par ses ca-

116 591 1165 92 nons ⁊ decretz: uoyre aussi destruisant ses decretz mesmes.

116 646 1163 90 Dont luy uient ceste audace/ de uouloir exempter les siens/ ⁊

112 707 1169 92 soy faire iuge/ uoire de tous? ueu quil ne doibt estre iuge/ ne

112 762 1110 88 congnoissant daulcun affaire des biens du monde. 11.q.1.

118 821 1161 94 Te quidem: mais ses biens doibuent estre subiectz aux prin-

110 887 1083 75 ces/ ⁊ payer comme les autres/ comme S. Paul. Rom.13.

110 931 1165 92 escript a tous. Tout ame soit subiecte. 23.q.8.Tributum. 11.

108 991 1167 87 q.1.Si tributum magnum. Et aussi le prince a puissance sur

106 1052 1167 83 les corps du Pape ⁊ des siens: car il est dit/ le Roy doibt refre-

106 1119 1165 82 ner les larrecins/ punir les adulteres ⁊ les meschans exter-

106 1172 687 69 miner de la terre. 23.q.5.Rex debet.

165 1223 1106 84 Or est le monde du tout aueugle/ un paoure homme qui

106 1282 1163 90 du tout na rien/ charge denfans/ une paoure uefue/ payera

104 1343 1165 84 grosse taille/ ⁊ ces putiers de prestres/ ces gras moynes/ non-

106 1409 1159 75 nains toutes pollues/ qui ont tant/ qui nen sauent que faire/

106 1458 1157 83 mettant lor sur le boys/ ⁊ les pierres/ tant en ont/ sont frãcz/

106 1517 1161 134 ⁊ quelque mal quilz facent ne serõt reprins de la iustice: mais

114 1578 214 79 supportez.

1063 1647 204 78 ¶ Grand
