1700 2447
400 122 577 96 sesiouyt en occision.

91 201 1178 80 uoye/ gardans fort/ ce quil commande ⁊ tremblans en ce quil

93 263 1176 77 defend. Regardez que son decret dit de luy/ ⁊ des siens qui

93 324 1176 71 uiuent/ ainsi que luy. Celuy qui nexerce office du regime/ il

91 377 1172 89 nest point Euesque/ mais chien. 11.qõ.3.Qui nec distin.). Non

95 434 170 67 oportet.

93 493 1170 73 ¶ Ie susciteray un pasteur en la terre/ qui ne uisitera point ce

91 560 1166 63 qui est separe/ il ne cerchera ce qui est esgare/ ⁊ ce qui est froisse/

91 611 1170 72 il ne le guerira point/ ⁊ nentretiendra point cela qͥ est sain/ et

89 668 1168 78 mangera la chair grasse/ ⁊ il destruira les ungles dicelles

89 721 194 68 Zacha.11.

87 774 1168 86 ¶ Considerez Chrestiens/ ceste paillarde babylonicque/ la-

87 844 1170 77 quelle prẽt plaisir/ que pour lamour delle/ le sang humain soit

87 901 1166 75 espandu/ quon se tue lun lautre/ helas qne peult il estimer ce

83 954 1170 75 que le bon pasteur/ par son sang a achepte: ⁊ est contraire du

83 1013 1163 84 tout a Iesus Christ: cõme un larron ne uient sinon pour tuer/

83 1064 500 75 perdre ⁊ destruire. Ieh.10.

83 1129 1163 65 ¶ Ses decretz ne deffendent ilz/ que les ioustes ne soyent fai

81 1190 1163 62 ctes? de torneamentis.c.felicis. Uoyre le combat qui se faict

81 1245 1163 74 pour soy purger/ non seulement pour plaisir. de purga.uul.cu-

79 1305 1165 59 ra.significatum. Et non seulement ces ieux meurtriers: mais

79 1351 1165 82 la chasse luy est deffendue. distinc.34.Episcopũ. ⁊ aussi toutes

79 1419 1163 61 ces fassons de faire/ tous ces spetacles/ ieux/ danses/ toutes

79 1472 1165 71 uoluptez/ pompes/ ⁊ uanitez. Et les prestres ⁊ ecclestasticques

79 1533 1163 59 qui sont au lieu/ ou sentence de mort est donnee/ ou en lieu au

77 1580 1161 69 quel aucun autrement par sentence est mis a mort/ il est irre-

77 1637 1159 75 gulier/ ⁊ fault quil soit rehabilite. disit.23.his. ⁊ distin.34.pre-

79 1698 1157 69 sbyteri. ⁊ de consecra. distin.5.Non oportet. Mais qui sont sur

75 1755 1159 68 la terre plus pompeux/ plus adonne a ieux/ a forces/ dances/

77 1816 1104 78 bancquetz/ ⁊ a tout ce que leur droictz mesmes deffendent?

865 1863 377 137 D 2 ¶ Iesus
