1700 2447
479 122 557 94 en grand honneur.

83 183 1298 92 ᑕol.21. Pier. 5. Mat.23. Jeh.1. Ebr.5. ¶O pasteur idole, delais-

83 256 1298 78 sant le troupeau, le glaiue sur le bras diceluy, sur son oeil dextre, son

85 314 1296 73 bras de seicheresse, sera sec; ⁊ son oeil dextre de cecite, sera obtenebre

87 369 1298 85 ⁊ obscurcy. Zachar.11. ¶ Ceste idole ne se faict elle pas porter cõme

89 422 1298 79 le S. Prophete Hieremie recite des idoles. Hier. 10. ⁊ tãt s eslieue, qͥl

91 479 1294 79 dist nestre point hõme; mais plus grãd q̃ tout hõme. de electione. in.

91 534 1298 83 ui. c. fundamẽta. quõ regarde la glose de ce orgueilleux chapitre. Et

91 593 1300 79 aussi la glose du proeme des clemẽtines, qui cõmẽce Ioannes, la ou

91 658 1294 74 il dit. papa est admirabile; papa super mundi ⁊c. Qui maxima rerũ.

93 707 1296 86 nec deꝰ es nec homo. Si Iesus est Dieu ⁊ hõme, ⁊ le Pape nest Dieu

93 766 1292 82 ne hõme, il est donc du tout cõtraire a Iesus, ⁊ uray Antechrist, ⁊ un

91 823 1300 86 droict diable. ¶ Chrestiens pour l honneur de Iesus, regar-

89 889 1290 73 dez ce Pape, uray filz de perdition, comment il est imitateur de Ie-

91 938 1296 87 sus, portant persecutions, ueu l horrible peine qͥl ordonne cõtre ceulx

91 997 1296 87 qui font quelque chose contre ses cardinaulx, ou legatz, cõme. in. ui.

87 1056 1300 81 de penis. c. felicis recordationis. ⁊ aussi. 17.q. 4. Si quis suadente, ⁊

91 1111 1296 88 semblables, que sont tant seulement pour deffendre le Pape ⁊ les

89 1178 1294 74 siens; afin quilz nayent aucune croix en ce monde; mais que tous les

91 1227 1294 73 adorent ⁊ leur seruent, comme a Dieu. ¶ Quand ceste idole

91 1286 1296 80 est portee, ses bastonniers uont deuant ⁊ crient, mettez uous a ge-

95 1351 1296 70 noulx deuant le sainct pere, pour auoir sa benediction, cest au signe

95 1409 1292 71 de la croix, quil faict de la main, comme si benedicere ⁊ benedictio-

100 1462 1289 75 fust signer, ⁊ non bien dire, ⁊ bien parler, en quoy les asnes peuuent

95 1527 1292 65 entendre la grosse asnerie du Pape, des Euesques, ⁊ de tout le mon-

93 1576 1294 71 de ainsi abuse. Et si aucun ne se met a genoulx, il sera frappe, ⁊ sil dit

93 1639 1290 67 quil ne ueult adorer la beste, il sera brusle. O Iesꝰ uray filz de Dieu;

93 1694 1290 67 ⁊ uous tous Apostres sainctz, pourquoy nauez uous faict brusler

91 1753 1292 72 ceulx qui tant de maulx, uoꝰ ont dit uoire faict. Helas uous faisiez

95 1820 1286 66 prieres pour uoz enuemys , la ou le Pape ⁊ les siens font brusler

91 1869 1294 74 leurs amys, ceulx qui pour l amour de Dieu ⁊ salut de tous mõstrent

91 1929 784 77 les abus ⁊ paouretez qui sont sur la terre.

1261 1982 124 104 ¶ Le
