1700 2447
526 130 320 80 la pasture.

73 199 1167 90 ames/ de laquelle il commande a S. Pierre/ que autant quil

75 258 880 72 layme/ quil donne pasture aux brebis. Ieh.21.

75 318 1163 75 ¶ Et na point de desdaing le bon Sesus de prescher/ ⁊ ne repu

75 377 1161 71 te point les paoures brebis estre contemptibles ⁊ a mespriser

73 438 1165 77 pour lesquelles il est mort: mais nous appelle ses freres/ di-

75 491 941 75 sant: ie annonceray ton nom a mes freres. Ebr.2.

73 542 1163 77 ¶ O canailles qui ne tenez compte du peuple: mais que de

73 601 1165 78 uoz chiens ⁊ oyseaulx/ estes uous plus grand que Iesus? O

73 660 1165 80 que la uẽgeance de Dieu sera horrible sur uous: puis questes

71 717 1165 80 tous contraire a celuy qui dit. Ie suis le bon pasteur/ le bon pa-

73 770 804 74 steur donne sa uie pour ses brebis. Ieh.10.

73 834 1165 77 ¶ Ma uiande est que ie face la uolunte de mon Pere. Ieh.4.

73 889 1161 81 ¶ Il me fault aussi Euangelizer aux autres citez le Royau-

71 946 1163 87 me de Dieu: car pource suis ie enuoye: ⁊ estoit preschant aux

73 1003 633 71 synagogues de Galilee. Luc.4.

71 1070 1161 69 ¶ Qui ne exerce loffice quil a prins/ nest point Euesque:

69 1127 1165 72 mais chien impudicque. 2.qõ.7. Qui nec. Prenez garde a

67 1180 1167 72 uous mesmes/ quil naduiengne que uoz coeurs soyent greuez

69 1235 1163 78 de gourmandise ⁊ dyurongnerte/ ⁊ des soulcis de ceste uie/ ⁊

73 1292 1161 78 que ce iour la soubdain suruiengne sur uous: car comme un

73 1349 1161 78 lacz/ il uiẽdra sur tous ceulx qui sont seandz sur la face de tou-

73 1415 1118 87 te la terre. Veillez doncques/ prians en tout temps. Luc.21.

1008 1466 222 85 E ¶ Le
