1700 2447
448 106 490 81 de sa pance cure.

81 191 1161 61 guerres, qui ont este faictes, uiuant en toute gourmandise, ⁊

83 238 1163 76 horrible paillardise; mais quant au preschement de L euangi

81 295 1163 74 le, quest le propre office de S. Pierre, ⁊ des Euesques, il le def-

83 360 1161 72 fend comme l on uoit, ⁊ parauant s en estoit demis, le commet-

81 411 1163 72 tant aux autres.c. Inter cetera. De offic. iudi. ordi. Auq̃l cha-

81 464 1159 92 pitre il confesse que la parolle de Dieu est la nourriture, ⁊ uie

79 519 1163 92 de l ame, ⁊ en grosse diligence doibt estre annoncee, neãtmoins

81 579 1161 87 par les occupations, ou par ignorance, les Euesques ne peu-

83 638 1161 83 ueut prescher, toutesfoys le prestre est debteur de libremẽt pre-

79 695 1159 86 scher la uerite, laquelle il a ouye de Dieu, mais les pasteurs

75 754 1165 90 sont maintenant ignorans en toute yurongnerie, comme dit

75 805 1163 96 Esaya.56. Et ilz seruent a leur uẽtre, non pas a Dieu. Ro.16.

75 864 1159 94 Et pourtant tous Euesques ne sont pas Euesques, regarde

73 915 1165 94 a Pierre ⁊ considere Iudas. Rubrica. dignitas non facit

77 986 539 78 Episcopum; sed uita.2. qõ.7.

75 1027 1161 104 ¶ Malediction a ceulx qui sont apres yurongner, se leuant

77 1095 1157 89 du matin pour boyre iusques au soir, bouillans en uin, qui a-

75 1150 1159 97 uez en uoz conuiues, harpes, lucz, tabourins, fleutes, ⁊ ne pẽ-

79 1211 667 83 sez l oeuure du Seigneur. Esaye.5;

77 1260 1157 100 ¶ ᑕeulx icy poꝰ le uin, ont perdu l entendemẽt, ⁊ pour l yuron-

83 1321 1153 83 gnerie faillent, ⁊ sacrificateurs ⁊ prophetes, sont errans par

83 1382 1094 86 yurongnerie, enfonsez ⁊ plongez dedans le uin. Esaye. 28.

83 1439 1151 80 ¶ Il est deffendu de donner les biens aux ioueurs. distin.86.

83 1496 1155 84 donare. de iouer aux detz, ⁊ d yurongner, soubz la peine de-

83 1547 1153 90 stre depose. distin.35. Episcopus. Celuy qui est fornicateur,

83 1604 1155 88 pariure, ou larron, doibt estre depose. distin.81. presbyter. Si

83 1665 1157 80 quis Episcopus. Personne ne doibt ouyr l office d un qui tient

81 1721 1157 79 concubine. distin.32. Nullus. ⁊ ce soubz peine d excommunie

83 1774 1153 89 ment. Si aucun diacre ou prestre a cõmis adultere; iamais

79 1835 878 145 il ne peult etre repare, ne restitue a son office.

867 1884 386 96 E 2
