1700 2447
448 114 500 96 sur gros roncin.

73 199 1165 80 plus paoure, est orgueilleusement accoustre, sur tous princes,

75 275 1165 65 empereurs, roys, ⁊ seigneurs; ⁊ en plus grosse boubãce que per

75 322 1165 71 sonne qui soit sur terre, ⁊ cõbien qͥl ne soit par l ire ⁊ fureur de

73 381 1169 69 Dieu, fors que poͬ tout perdre ⁊ gaster, ueu qͥl est le filz de per-

73 438 1169 65 ditiõ, par leq̃l tout biẽ, iustice ⁊ uertu, est chassee de la terre, ne

75 499 1167 63 demandant que perdre, piller, ⁊ destruire, neantmoins tout le

75 550 1163 71 monde le receoit en tres grosse reuerẽce ⁊ honneur, loue de toꝰ,

75 605 1167 72 cõe tres biẽheureux, tressainct, cõbien qͥl soit le plus mauldict

73 662 1165 78 ⁊ malheureux qui soit sur terre, tous taschẽt luy dõner gloire

73 721 1163 74 ⁊ louenge de uertus, desq̃lles il ne uit iamais l ombre, car au-

71 781 1165 69 tant que Iesus est loing destre demoniacle; ⁊ faisant uertus

69 840 1165 69 par Beelzebub, autãt est loing le Pape du bien quon dit estre

67 895 1167 71 en luy. Et sil y a quelque uille qui ne le receoiue, mon Dieu,

65 948 1169 73 quelles maledictions, q̃lz pourchatz pour la destruire, ⁊ quãd

65 1001 1169 83 la uolunte du Pape par sang, ⁊ par feu est faicte sur la uille, a-

65 1062 1171 69 lors nest q̃stion de plourer; mais gros feux de ioye, gros trium

65 1121 1165 84 phes ⁊ festins, oyez quil dit. Les spirituelz ⁊ ecclestasticques,

65 1174 1167 82 sont tous roys, cõme signifie la teste pelee en iceulx, ilz ont ce-

65 1231 1169 80 ste tonsure de l ordõnance Romaine.12.q.. Duo. ¶ Il nous

65 1290 1169 74 est dõne de cheuaucher cõme L empereur, lequel est nostre la-

67 1345 1169 84 quect, tenant la bride de nostre cheual, ⁊ tous ceulx qui sont

69 1407 1165 73 soubz nous, doibuent aller comme les nobles de la court de

67 1470 1163 63 L empereur; car toute gloire, honneur, ⁊ magnificence impe-

65 1523 1169 69 riale, tant en dignitez quen offices, cheuaulx, ⁊ habillemens

65 1580 1171 69 noꝰ est dõnee auec toute L ẽpire de occident dist.96. Cõstan-

67 1631 1171 75 tinus. ¶Le Pape est sur toutes gens ⁊ Royaumes. Extra-

67 1690 1173 75 uag. Super gen. ¶Uoulez uoꝰ bouche plꝰ plaine de blasphe-

67 1749 1179 71 mes, que dire tenir le lieu de Iesus ⁊ de ses Apostres, ⁊ auoir

69 1806 1179 80 la domination sur toute la terre, ⁊ appeller Lempereur son la-

67 1861 1175 80 quect. Ie croy que les princes sont si folz, qͥlz luy seruiront en-

69 1920 1139 84 core de macquereaulx, ⁊ en tout ce quil luy plaira cõmander.

859 1982 406 93 F 2 ¶ Tous
