1700 2447
369 106 620 97 chasse tous usuriers.

67 181 1169 84 ¶ Et quand il fut entre au tẽple/ il cõmencea a iecter hors les

69 246 1169 82 uendans ⁊ achetans/ ⁊ leur dist/ Il est escript: Ma maison est

71 301 1167 74 maison doraison/ ⁊ uous lauez faicte une cauerne de meur¬

73 362 1159 80 triers. Luc.19. ¶ Sil est ainsi que nostre Seigñr chasse ceulx

73 420 1165 73 qui uendent ⁊ achetent en la maison materielle/ en laquelle ne

75 479 1163 69 fault point penser que Dieu aye sa demeure: car le tres hault

73 536 1163 77 ne demeure point es temples faictz de la main. Actes.7. ⁊ .17.

73 591 1163 75 Cõbien plus ueult il que ceulx qui font marchandise en son

71 648 1161 75 Eglise/ qui est la congregation des Chrestiẽs/ soyent chassez/

71 709 1165 67 ⁊ pourtant en ladministration de ses dons ⁊ graces/ il deffend

71 762 1165 74 toute telle trafficquerie/ disant: Uous lauez receu pour neant/

71 815 1161 84 donnez le pour neant. Math.10. ¶ Ton argẽt soit auec toy

71 878 1167 78 en perdition/ pource que tu as estime/ que le don de Dieu soit

67 935 1167 80 donne pour argent. Act.8. ¶ Quiconque donc donne quel¬

69 984 1167 86 que chose pour auoir don ou grace/ tout luy uiẽt en perdition.

71 1046 1167 75 Il est predict de telz marchans en S. Pierre/ disant: Aussi y a

69 1105 1171 81 eu des faulx prophetes entre le peuple/ comme il y aura entre

69 1158 1169 75 uous des maistres mensongiers/ qui introduiront sectes de

71 1225 1167 73 perdition/ ⁊ nyeront le Dieu qui les a rachetez/ amenans sur

67 1278 1171 73 eulx mesme/ soubdaine perdition. Et plusieurs suyurõt leurs

77 1337 1157 70 fornications/ par lesquelz la uoye de uerite sera blasphemee/

73 1394 1161 68 ⁊ en auarice marchanderont de uous/ par parolles feinctes:

71 1449 1165 70 ausquelz la condemnation des long tẽps ne cesse point: ⁊ leur

73 1502 1163 80 perdition ne sommeille point. 2.Pier.2 ¶ Le paoure monde

73 1566 1163 67 si nestoit bien aueugle/ pourroit bien cõgnoistre ces marchãs/

71 1623 1167 73 qui par tout ont faict des cauernes/ lesquelles ilz appellent

73 1674 1163 83 eglises: afin que la/ soubz lombre de religiõ/ comme guetteurs

71 1729 1161 77 de chemins ⁊ auenturiers/ ilz despouillent les paoures gens/

71 1790 1161 79 les attendans pour les seduire/ non pas seulement aux biẽs.

69 1843 1167 86 mais en lame/ quãt au lieu de les mener a Iesus Christ/ leur

71 1904 1165 106 uendent leur fardee ⁊ rompue marchandise/ en toute supersti¬

69 1955 326 114 tion/ ⁊ ydolatrie.

924 1996 329 132 G 3 ¶ Le
