1700 2447
357 138 691 84 que soit nostre thresor.

110 210 1167 93 ¶ Cest un grãd gaing que piete/ auec le coeur cõtent de ce qͥl

112 285 1161 67 a. Car nous nauõs riẽ apporte en ce monde: il nest a doubter

110 334 1161 81 que rien aussi nen pouons emporter. 1.Tim.6. ¶ Malheur

108 393 1163 82 sur uous/ o scribes ⁊ pharisiens/ hypocrites/ qui mangez les

104 454 1163 80 maisons des uefues/ soubz umbre de longues oraisons/ pour¬

100 509 1108 78 ce uous receurez plus grande condemnation. Matthi.23.

106 560 1161 76 ¶ Faictes uoz thresors au ciel/ la ou ne la rouilleure/ ne la ti¬

102 626 1159 79 gue ne corrompent riens/ ⁊ la ou les larrons ne esfouyssent/ ⁊

100 681 1163 69 ne desrobẽt point. Mat.6. ¶ Ceulx qui ueulent estre riches

100 732 1161 83 tombent en tẽtation/ ⁊ au lacz du diable: ⁊ en plusieurs desirs

100 795 1159 73 inutiles ⁊ nuysans/ lesquelz plongent les hõmes en mort ⁊ en

100 846 1140 79 perdition/ car la racine de tous maulx est auarice. 1.Tim.6.

97 909 1162 79 ¶ Regardez mes freres en ce chapitre/ commẽt sont touchez

97 962 1158 80 tous papisticques/ qui ne pensent estre autre piete que gaing/

97 1021 1160 69 enseignans autremẽt que S. Paul audict chapitre nẽseigne:

97 1084 1160 62 ⁊ pourtãt sont appellez idolatres: car auarice est seruitude des

95 1133 1166 84 idoles. Colos.3. ¶ Bienheureux ⁊ sainct est celuy qui a part

97 1190 1158 76 en la premiere resurrection. Apoc.20. ¶ Quon regarde si Ie

97 1247 1162 72 sus a monstre/ ne enseigne a ses Apostres/ aucune maniere de

97 1309 1158 67 urer argent des paoures gens/ ne si luy en a iamais tire/ fors

97 1366 1158 63 que de prescher purement la parolle de Dieu/ sans y rien mes¬

95 1423 1160 71 ler. Et au contraire est il possible de pensser aucune maniere/ ⁊

102 1474 1151 69 fasson de tirer argẽt du paoure peuple? fust il iamais bateleur

93 1535 1158 67 qui peult penser tant de moyens/ pour auoir argent/ comme le

95 1584 1153 73 Pape a controuue? Il nest soulier/ corde/ chausse/ robbe/ braye/

95 1643 1156 71 pierre/ saincture/ bonnet/ bastont/ foin/ paille/ os chair/ terre/

93 1700 1158 76 boys/ qui pourroit nõbrer tout ce qui met au deuant/ pour ar¬

91 1761 1166 68 gent/ ⁊ de tout tant quont ueult: des cloux de Iesus/ tout en est

93 1820 1162 66 plein: des circõcisiõs a Rome/ il y en a/ ⁊ au Puis/ ⁊ en autres

91 1876 1166 65 lieux: cõme si plusieurs fois/ Iesus auoit este circoncis/ ⁊ aussi

93 1931 1162 106 a force suaires/ ⁊ le monde est si beste quil croit tout/ ⁊ par tout

95 1990 296 75 donne argent.

963 2055 294 88 H ¶ Tout
