1700 2447
551 114 424 83 lautre que or.

112 179 1285 88 ques/ ⁊ confrairies/ questes par tout/ prenant tout ce que pourrez a¬

114 238 1283 80 uoir/ non pas par exaction toute descouuerte/ neantmoins contrai¬

118 285 1279 96 gnez les laidz/ a uous donner ce quil ont de coustume/ ainsi que noꝰ

116 350 1284 84 auons commande aux Euesques: Ad aposto. de symonia. Uoulons

118 407 1282 92 par ainsi/ que les choses quil nest pas licite quon demande/ quelles

118 456 1284 100 soyẽt payees/ ⁊ quõ les receoyue: car il est honneste quõ receoyue/ ce qͥl

118 513 1284 94 nest pas honeste de demãder. 18.dist. De euligiis. ⁊.c. Cũ ex offi. de

120 570 1280 100 prescrip. 12.q.2. Charit. 13.q.2. quest. ⁊ .1.q.2 Placuit. ⁊.c. Quã pie.

118 626 1282 91 tellemẽt q̃ nr̃e sac soit plain: car la court romaine/ ne ueult la brebis/

120 685 1282 98 sans laine. Soyent excommuniez/ comme infideles/ ⁊ qui tuẽt les

118 744 1222 92 indigens/ ceulx qui ne payent les offrandes. 13.q.2. Qui oblat.

120 803 1282 92 ¶ Le Pape ⁊ les siens si tres horriblement pressent le mõde/ nayans

116 856 1286 92 cure que de leur uẽtre/ ⁊ de la bourse/ que mesmes leurs flateurs qui

118 911 1265 98 ne taschent que les mettre sur tous/ sont contrainctz les blasmer.

118 968 1284 100 Quõ regarde la glose extrauag. de sepulturis/ super cathedrã. in uer¬

118 1025 1286 94 bo/ deputatos. Ilz ont trouue des inuentions sans nõbre pour tous¬

120 1090 1286 94 iours augmenter le gain auec la superstition/ pourtãs chasses ⁊ au¬

120 1139 1286 96 tres reliques a limitation des Iuifz/ qui portoyent larche quand ilz

120 1196 1290 100 debuoyent batailler/ ⁊ des idolatres/ qui auec telle pompe portoyent

118 1262 1098 87 leurs dieux/ comme il est facile a ueoir en Apuleius lib.xi.

122 1307 1286 100 ¶ Ilz auoyent ainsi la coustume dallumer cierges: comme Dionys.

122 1382 965 88 Halicar. ⁊ Macrob. Satur. lib.i. c. ui. tesmoignent.

124 1427 1288 94 ¶ Des eaues lustrales que nous appellons eaues benistes/ ⁊ tant

124 1488 1241 90 dautres ceremonies/ tout en est plain par les liures des infideles.

126 1545 1286 88 Quid. in fastis. Apule. Macrob ⁊c. Dont le Pape a emprunte ces

126 1596 1288 96 superstitions ⁊ idolatries/ par lesquelles il pille le paoure monde/ ⁊

128 1663 900 86 retire les coeurs du uray pasteur Iesus Christ.

124 1712 1292 98 ¶ Nul Euesque/ ou prestre/ ou diacre/ qui dispense le sacrement de la

128 1763 1288 94 cõmuniõ ne demãde aucune chose. Car la grace nest pas uẽdue/ ⁊ noꝰ

128 1818 1294 100 ne dõnons pas par pris la grace du S. Esprit: autrement quil soit cõ¬

128 1880 1302 102 me imitateur de la deception ⁊ fraulde symoniacque. Ex sexta sy¬

130 1961 276 80 nodo.1.q.1.⁊c.

1026 1988 414 98 H 2 ¶ Quand
