1700 2447
389 106 647 104 brebis amiablement.

102 185 1175 94 quilz les missent deuant iceulx/ ⁊ departit les deux poissons

100 250 1110 78 a tous. Et ilz mangerent tous/ ⁊ furent rassasiez. Mar.6.

106 307 1165 76 ¶ Ie suis le bon pasteur/ allant deuant mes brebis/ lesquelles

104 362 1169 88 ie paist/ mettant mon ame pour elles/ ⁊ si le loup uient/ ie ne

106 426 994 77 men fuys pas: car ie ne suis pas mercenaire. Ieh.10.

106 479 1167 96 ¶ Nul na plus grande dilection que ceste: quand aucun met

106 536 622 79 son ame pour ses amys. Ieh.15.

108 591 1165 94 ¶ ll donra pasture a son troupeau/ comme un pasteur par son

106 648 1106 102 bras/ il assemblera les aigneaulx ⁊ les portera en son sein.

106 703 234 67 Esaye.40.

104 754 1167 100 ¶ Le bon sauueur a ce inuite tous chargez/ ⁊ trauaillez/ pour

102 813 714 84 uenir a luy/ ⁊ estre soulagez. Mat.11.

100 878 1171 98 ¶ Et tous qui ont soif/ quilz uiennent a luy/ ⁊ quilz boyuent

104 933 198 68 Iehan.7.

100 976 1173 102 ¶ Cecy ont suiuy les urays disciples de Jesus Christ/ non

100 1050 1171 93 pas iudas qui estoit larron/ duquel sont successeurs le Pape

102 1105 1169 96 les siẽs: mais S. Pierre ⁊ les autres/ auq̃l Iesus dit. Pierre

100 1168 1169 88 mayme tu. Auquel quand il eu respondu: Seigneur tu scais

100 1225 1171 80 que ie tayme/ Iesus Christ dit: Paistz mes brebis: lesquelles

100 1284 1171 84 il a nourry de la parolle ne Dieu/ a quoy faire aussi exhorte

97 1331 1172 92 les autres: disant/ Nourrissez le troupeau de Dieu/ qui est en¬

97 1390 1172 94 tre uous: pouruoyans/ non point par cõtraincte: mais uolun¬

100 1451 1169 84 tairement/ non point deshonnestement/ appettãt gaing: mais

100 1504 1169 94 uoluntairement/ non point comme ayãt seigneurie sur le cler¬

100 1564 1169 89 ge/ mais en sorte que uous soyez lexẽplaire du troupeau. Et

100 1623 1167 83 quand le prince des pasteurs apparoistra/ uous receurez la co¬

102 1680 757 89 ronne incorruptible de gloire. 1.Pier.5.

977 1737 300 92 H 3 ¶ Le
