1700 2447
461 106 508 101 trescruellement.

87 191 1184 80 ilz ont acheptees les bulles du Pape/ alors est mauldict tout

87 252 1166 72 homme qui les empesche/ ou qui parle contre. Nous ordon¬

89 309 1159 78 nons que le uilain (cest adire les gens qui gaignent leur uie)

93 369 1166 79 soit tant aggraue de pensions/ que la peine des exactions le

89 432 1170 71 contreigne se retourner a Dieu. 23.q.7.Iam uero. Et pour¬

91 483 1166 73 tant nous uoulons quon baille la .x. parite de toutes choses/

93 540 1168 79 soit bledz/ grains/ foin/ fruictz/ laines/ pescheries/ molins ou

91 607 1166 67 a uent/ ou a eaue/ gaignages/ ⁊ quelque chose que soit legiti¬

89 662 1174 65 mement acquestee/ ⁊ de toute marchandise/ uoyre de uente de

89 715 1172 70 maisons/ champs/ uignes/ fours/ moulins/ troupeaux de be¬

93 781 1170 59 stial/ ou quelque autre marchandise/ ⁊ aussi des mouches a

91 834 1170 73 miel/ ⁊ de la chasse/ ⁊ de la gensdarmerie/ cest adire des gaiges

91 884 1172 76 que lon prent/ ⁊ de ce que lon conqueste/ ⁊ de toute negotia¬

89 954 1172 65 tion/ ⁊ toute autre chose/ que de tout de dix on en donne ung.

91 1009 1170 63 c. Nõ est. Ex transmissa. A nobis. Pastoralis: ⁊ in aliis capit.

91 1060 1170 77 de decim. ⁊ primi. ⁊ obla. ¶ Icy uoyez Chrestiens ces loups

91 1117 1170 71 rauissans qui uiennent a nous soubz lhabit de brebis/ com¬

91 1170 1168 82 me ilz mettent sur noz espaules/ fardeaux importables/ les¬

93 1227 1172 82 quelz ilz ne touchent point dung doigt. Matth.23.⁊ 7. Dieu

93 1290 1174 78 les mauldict comme faulx pasteurs deuorans les brebis/ ne

95 1343 1168 78 nourrissans que eux mesmes. Hierem.23. Ezec.34. ¶ Afin

100 1404 1169 74 quon congnoisse ces corbeaulx/ le Pape ⁊ les siens/ ses de¬

100 1460 1175 71 cretz le manifestent qui disent: Tout homme qui dit/ paix a

102 1519 1173 77 uous/ ne doibt estre ouy comme colombe. Les corbeaux sont

104 1578 1161 75 nourris de mort/ la columbe na poĩt cecy: mais uit des fruictz

110 1635 1036 77 de la terre/ ⁊ sa uie est innocente. 2.quest.7. Non omnis.

1159 1692 102 131 ¶ Et
