1700 2447
120 762 251 80 L

559 106 261 85 Epistre.

165 183 1045 84 ¶ A tous ceulx qui liront Grace/ paix/ ⁊ salut de Dieu

248 254 878 72 nostre Pere par nostre Seigneur Iesus/ son

338 307 713 72 uray Filz/ qui soit habitant au coeur

461 367 455 71 dun chascun/ par le S.

610 420 151 77 Esprit.

404 540 861 73 E grand Soseil de iustice/ uostre Sauueur ⁊

402 599 863 78 redempteur Iesus/ est si tresclair ⁊ si resplen-

400 656 863 71 dissant quil ny a si aueugle/ quil ne uoye bien

402 709 859 74 la grose differẽce entre la clarte du Sauueur/

406 768 857 72 ⁊ les grosses tenebres du Pape/ entre les Apo

100 827 1163 74 stres ⁊ disciples de Iesus/ ⁊ les prestres/ moynes/ ⁊ tous au-

95 882 1170 76 tres de lestat papisticque. Tellemẽt quon tiẽdroit a bon droict

95 938 1168 67 celuy sot ⁊ fort despourueu de sens/ qui se trauailleroit/ de mõ-

97 997 1166 71 strer que Iesus ⁊ les siens/ nont point faict comme le Pape ⁊

97 1054 1166 65 les siens. Neantmoins la charite de nostre Seigneur con-

97 1109 1166 75 trainct de comparer Iesus auec le Pape: non point pour affe-

95 1170 1170 67 ction mauuaise/ ou par ire/ maleuolence ne mal talent: comme

97 1225 1164 65 nostre Seigneur sait ⁊ congnoist/ lequel par sa grande mise-

97 1278 1166 67 ricorde uueille tous illuminer/ tant le Pape que tous Eues-

97 1337 1166 70 ques/ prestres/ moynes/ ⁊ tous ceulx qui tiennent de leur part:

97 1398 1164 64 afin quilz croyent ⁊ suyuent la parolle de Dieu/ estans sains

102 1451 1161 74 en foy ⁊ uiuans tous purement. Car ne desirons que le salut

100 1511 1163 65 dun chascun: ⁊ que tous uiennent a la congnoissance de ueri-

100 1570 1167 63 te/ priant tous qui ce liure lirõt/ quilz prient nostre Seigneur

102 1627 1161 65 pour tous/ de coeur ⁊ daffection. Il est tout certain que tout le

100 1682 1163 75 monde crie contre le Pape ⁊ son eglise/ a cause des paouretez

100 1739 1165 63 ⁊ ordures qui y sont: ⁊ ny a personne qui ne blasme ⁊ condem-

102 1796 1161 67 ne ce paoure ⁊ mauldit estat/ ou ouuertemẽt de bouche/ ou se-

97 1853 1164 65 cretemẽt en son coeur/ ⁊ mesme le Pape ⁊ les siens se cõgnois-

100 1906 1163 71 sent telz/ quilz ont honte deulx mesmes/ ne cerchãt que se ca-

95 1967 1162 86 cher/ ⁊ aucunement soy entretenir/ par le moyen des princes/

963 2028 308 92 A 2 ⁊ des
