1700 2447
189 130 943 92 en memoyre de sa mort ⁊ passion.

69 201 1167 90 necessaire q̃ les figures des choses celestes fussent nettoyees

69 269 1169 73 par ces choses; mais les choses celestes par meilleurs sacrifi-

71 330 1165 67 ces que nestoyent iceux. Car Iesus nest point entre aux san

71 387 1169 65 ctuaires faictz de mains, figures des urays; mais au ciel me-

73 444 1169 71 smes, afin que maintenant il apparoisse pour nous deuant la

75 501 1161 76 face de Dieu, ⁊ non point qui se offre souuentesfoys soymes-

69 562 1169 64 mes en la maniere q̃ le souuerain Sacrificateur, es sanctuay-

73 617 1159 72 res tous les ans, en autre sans que le sien, aultrement il luy

71 677 1169 69 eut faillu souuentesfoys souffrir despuis le commencement

69 732 1169 65 du monde. Mais maintenant en la consummation des sie-

71 785 1169 75 cles, il est apparu une foys par son sacrifice, pour la destructiõ

71 848 1169 63 de peche. Et ainsi quil est ordonne aux hõmes de mourir une

75 905 1169 67 foys, ⁊ apres ce, le iugemẽt;ainsi aussi Christ a este offert une

75 964 1169 69 foys poͬ abolir les pechez de plusieurs. Christ ressuscite des

71 1015 1167 69 mortz ne meurt iamais plus. Tout Sacrificateur assiste toꝰ

67 1074 1173 69 les iours, administrant ⁊ offrant mesmes sacrifices, lesquelz

71 1127 1165 72 ne peuuent oster les pechez; car il est impossible que les pechez

73 1186 1163 78 soyent ostez par le sang des toreaulx ⁊ des boucz. Ces mes-

73 1254 1163 63 mes sacristces quilz offrent tous les ans, ne peuuent parfai-

75 1305 1159 73 re ceulx qui approchẽt, autremẽt ilz eussent cesse destre offers,

77 1366 1157 67 pource que les sacrifians, nettoyez une foys, nauroyent plus

75 1425 1163 59 aucun remors de pecher mais par iceulx est faicte cõmemora-

77 1480 1157 61 tion des pechez chascun an. Uoicy ie uiẽs , afin sire Dieu que

77 1531 1157 69 ie face ta uolunte, il oste le premier; afin quil establisse le secõd,

77 1596 1161 65 par laq̃lle uolunte nous sommes sanctifiez par loblation une

79 1649 1159 74 soys faicte du corps de Iesus Christ. Cestuy offrant un sa-

75 1706 1161 63 crifice pour les pechez, est assis eternellement a la dextre de

77 1759 1157 72 Dieu, du surplus attendant iusques a ce que ses ennemys

77 1820 1161 68 soyent mis la scabelle de ses piedz. Car par une oblation il a

77 1873 1161 74 parfaict eternellement les sainctifiez. Ie nauray plus souue-

77 1929 1161 71 nance doresnauãt de leurs pechez ⁊ de leurs iniquitez; ⁊ la ou

79 1996 1157 81 il y a remission dicelles, il ny a plus doblatiõ pour les pechez.

1259 907 108 73 Rom.6.

1244 962 115 73 Ebr.10.

948 2047 305 92 I 3
