1700 2447
636 130 723 94 Iesus sa Cene ordonne/

446 216 1164 75 Il ne nous est plus laisse sacrifice pour les pechez. Sachans

455 265 1151 83 que uous estes rachetez de uostre uaine cõuersation de la tra¬

442 328 1166 69 dition de uoz peres/ non point par choses corruptibles/ par or

451 383 1161 79 ou par argent: mais par le sang precieux de Christ/ qui est cõ¬

446 436 1168 77 me laigneau incontamine ⁊ sans macule. Le sang de son filz

448 495 1164 86 Iesus Christ/ nous nettoye de tout pechez. Iesus Christ qui

442 558 1174 70 est fidele tesmoing/ premier ne des mortz/ ⁊ Prince des Roys

442 615 1172 70 de la terre/ lequel nous a ayme/ ⁊ nous a laue de noz pechez en

442 666 1174 82 son sang/ ⁊ nous a faict roys ⁊ sacrificateurs a Dieu son Pe¬

448 719 1166 84 re. Christ est chief de Leglise: ⁊ iceluy est le sauueur de son

444 785 1172 79 corps. Christ a ayme son Eglise: ⁊ sest donne soy mesme pour

442 840 1172 79 elle: afin quil la sainctifiast/ la nettoyant par le lauement de

442 893 1176 79 leaue/ par la parolle de uie/ afin quil rendit a soy Leglise glo¬

446 958 1172 71 rieuse/ nayant quelque tache ou ride/ ou aucune telle chose:

446 1015 1172 69 mais afin q̃lle soit saincte ⁊ sans tache. Auoir faicte la purga

446 1066 1170 77 tion des pechez par soy mesme/ est assis a la dextre de la ma¬

448 1123 1170 73 ieste/ aux lieux haultz/ Iesus dit. Ie suis le pain de uie/ qui

448 1180 1174 78 uient a moy/ il naura point faim/ ⁊ qui croit en moy/ il naura

444 1243 1176 70 iamais soif. Tout homme qui uoit le Filz ⁊ croit en luy/ a la

444 1296 1176 76 uie eternelle: ⁊ ie le ressusciteray au dernier iour. Qui man

444 1358 1168 73 ge ma chair/ ⁊ boit mon sang/ il a la uie eternelle/ ⁊ ie le ressu¬

444 1413 1172 79 sciteray au dernier iour. Qui croit en moy/ il a la uie eternel¬

444 1468 1170 77 le/ Lesprit est qui uiuifie/ la chair ne proffite riens/ les parol¬

446 1521 1172 85 les/ lesquelles uous ay dictes/ sont esprit ⁊ uie. Si aucun uous

451 1582 1159 73 dit/ icy est Christ/ ou il est la/ ne le croyez point/ car faulx

451 1637 1163 86 Christz sesleueront ⁊ faulz prophetes/ ⁊ feront grãdz signes

448 1702 1164 72 ⁊ prodiges/ tellement que les esleuz mesmes (sil se peult faire)

453 1751 1163 84 soyent induitz a erreur. Si donc ilz uous disent/ uoicy il est

448 1810 1166 76 au desert/ ny sortez point/ uoicy il est es interieures parties

451 1873 1165 74 de la maison/ ne le croyez point: car ainsi que lesclair sort Do¬

451 1929 1169 75 rient ⁊ apparoist iusques en occident/ ainsi sera laduenement

451 1982 1169 95 du Filz de lhomme. Iesus qui est receu dauec uous au ciel/

293 220 145 65 1.Pier.1.

297 275 117 61 1. Jeh.1.

300 503 124 59 Apoc.1.

300 742 132 75 Ephe.1.

302 1133 120 55 Ebre.1.

302 1178 112 63 Ieh.6.

308 1594 120 51 mat.24.

304 1633 149 59 Mar.13.

306 1767 122 58 mat.24.

1448 2037 174 91 uiendra
