1700 2447
193 122 955 83 en memoyre de sa mort ⁊ passion.

48 191 1168 90 viendra aussi comme uous lauez ueu aller au ciel. Entretant

53 258 1167 76 que les temps de repos de la presence du Seigneur Dieu uiẽ

57 316 1173 75 dront, ⁊ quil enuoyera Iesus Christ, qui parauant uous a e-

57 373 1171 73 ste annonce, lequel il fault que le ciel receoiue iusques au tẽps

57 432 1171 73 de la restitution de toutes les choses que le Seigneur Dieu a

59 491 1171 79 parle par la bouche de ses sainctz Prophetes des le commen-

59 550 1153 69 cement du siecle. Et apres que le Seigneur Iesus eut parle a

57 601 1163 78 eulx, il fut receu au ciel, ⁊ se sied a la dextre de Dieu. Si uous

61 664 1167 72 estes ressuscitez auec Christ; cerchez les choses qui sont den-

61 717 1169 76 hault, ou Christ est seand a la dextre de Dieu, pensez les cho

57 770 1179 92 ses denhault, ⁊ non les choses qui sont sur la terre. Lheure

57 831 1167 76 uient ⁊ des maintenant est, quand les urays adorateurs ado-

59 893 1165 71 reront le Pcre en Esprit ⁊ uerite;car le Pere quiert telz adora-

57 952 1169 73 teurs, Dieu est Esprit, ⁊ fault que ceulx qui ladorent, ladorẽt

57 1007 365 71 en Esprit ⁊ uerite.

57 1064 1171 73 ¶ Par cecy un chascun uray Chrestien peult entendre la pu-

55 1123 1169 78 re, saincte ⁊ honnorable ⁊ digne institution de la saincte table

57 1174 1167 80 de la saincte Cene de nostre Seigneur Iesus, lequel il fault

57 1233 1165 84 croire estre le plus parfaict puissant, bon ⁊ sage que tous, telle

57 1296 1169 70 ment quil nappartient a personne le corriger, ne changer cho-

59 1356 1163 75 se quil aye institue ⁊ ordonne; ⁊ celuy qui presume autrement

59 1417 1165 69 ordonner ⁊ faire, que Iesus na commande, il est uray Ante-

57 1466 1167 71 christ, ⁊ comme tel sentira ⁊ portera amer iugement de damna

53 1523 1163 79 tion eternelle. Il ne fault doubter, que les sainctz Euange

55 1580 1163 73 listes ⁊ Apostres, ne soyẽt urays ⁊ fideles tesmoingz, qui ont

55 1643 1157 67 escript la pure uerite; cõme ilz saccordent a un mesmes sens,

55 1702 1159 74 combien que les uoix ⁊ parolles soyent differentes, car il ne

57 1759 1157 66 fault penser des sainctes Escriptures; comme font les en-

53 1816 1161 74 chanteurs de leurs enchantemens, si une syllabe estoit lais-

53 1878 1161 61 see, ou un signe de croix, qui ne fust faict, q̃ tout ne uauldroit

51 1933 1159 65 riens. Le tout est que tous ceulx qui prennẽt dun mesmne pain,

51 1990 1163 91 ayent souuenance de la mort ⁊ passion que Iesus a porte pour

1240 201 86 74 Act.1.

1246 258 70 62 Act.3.

1238 566 117 51 mar.10.

1240 605 123 72 Colos.3.

1236 793 94 73 Ieh.4.

1079 2051 131 75 nous,
