1700 2447
200 122 940 98 en memoyre de sa mort ⁊ passion.

75 197 1169 80 fidele/ tyre ⁊ monte la sus ou est le corps de Iesus/ iectant tout

75 261 1167 73 son coeur a Dieu/ sans sarrester a chose uisible/ ne a aucune

73 324 1171 69 ceremonie/ na rien/ fors que au seul Dieu/ ladorant en Esprit

73 375 1167 81 ⁊ uerite/ taschant nestre point ingrat a Dieu/ de la misericor¬

73 436 1169 81 de quil nous a faicte: mais en luy rendant graces on aye con

73 497 1165 78 tinuelle souuenance de la mort/ ⁊ passion que Iesus son Filz/

73 548 1167 84 a porte pour nous/ taschant de uiuement exprimer Iesus/ en

75 609 1165 72 obeissant de coeur a Dieu/ ne demandant que sa gloire/ ⁊ de

79 664 1169 78 faire sa uolunte/ aydant ⁊ secourant a son frere/ tout ainsi quõ

134 719 1047 78 uouldroit quon nous aydast/ suyuant la charite de Ie¬

202 778 922 78 Iesus/ nous aymans lun lautre/ comme le Sei¬

255 838 812 75 gneur Iesus nous a ayme/ comme il com¬

314 895 714 67 mande/ requerant layde ⁊ le S. E¬

404 950 514 92 sprit du Pere/ par leq̃l soit

461 1015 406 84 parfaict en nous son

563 1068 198 71 bon plai¬

618 1123 106 96 sir.

1024 1233 233 112 K ¶ La
