1700 2447
363 106 679 108 chief de toute abusion.

73 199 1169 80 cerdotal ⁊ des clercz/ doibuent estre separez des laiz. Et ce au

73 254 1171 80 contraire de Iesus qui est assis au milieu de ses disciples/ uoi-

73 309 1188 82 re comme le seruiteur. ll y a troys principaulx differens en

75 371 1169 77 leurs messes/ le prestre/ leuesque/ ⁊ le pape/ lesquelz ont ueste-

77 426 1169 79 mens diuers ⁊ diuerses ceremonies/ lesquelles seroit chose

77 485 1169 88 fort fascheuse a reciter/ ceulx qui ont tant de loysir regardant

75 548 1171 71 les resueries contenues au liure nomme Rationale diuino-

77 599 1169 80 rum officiorum: ⁊ en celuy quon appelle Pastorale. Et a bon

75 662 1171 76 droict sera lon estonne des singeries que ces gens font/ ⁊ com

75 717 1171 82 me lon a tãt trouue de fassons de faire tant de beneissons des

77 770 1167 78 uestemens/ nappes/ seruiettes/ mouchoirs corporaulx/ uais-

75 838 1165 73 seaux de boys/ de pierres/ couuertures/ lesq̃lles choses le Pa-

81 897 1167 71 pe cõmande/ quand sont presque consummees ⁊ gastees quon

73 950 1175 69 ne les donne point aux gens laiz: mais quon les brusle/

75 1003 1173 77 aymant mieulx quon les destruise sans proffit/ que si lon les

81 1066 1157 73 faisoit seruir a quelque chose/ ⁊ si on les dõnoit aux paoures.

77 1113 1163 88 Il nest loysible a personne de toucher le pain apres la cosecra-

75 1176 1163 74 tion/ mais quand le peuple uient pour le receuoir/ le prestre le

77 1233 1163 74 met dedans la bouche dun chascun/ le calice est a tous deffen-

79 1286 1159 80 du/ fors a celuy qui chante messe/ cõme il a este conclud au cõ-

79 1341 1159 78 cile tenu a Constance enuiron.1416. La ou il fut ordonne/

79 1400 1157 78 que aux communians on ne donnast le sacrement fors quen

79 1460 1157 75 une espece/ en ne permettant sinon que au seul chantant mes-

81 1517 1159 75 se de recepuoir les deux especes/ ⁊ sur ce Johannes hus/ ⁊ Hie

81 1578 1161 75 rosme de pragit furent bruslez/ pourtant quilz ne uouloyent

79 1633 1159 73 consentir aux Cardinaux/ Euesques/ ⁊ Abbez/ ⁊ ne se uolu-

81 1694 1157 69 rent desdire ne reuocquer de ce qͥlz auoyẽt dict/ ⁊ entre les au-

81 1745 1163 78 tres choses ilz disoyent quon debuoit ainsi communiquer au

79 1802 1165 80 calice/ comme au pain/ ueu que nostre Seigneur expressemẽt

79 1859 1163 78 cõmande q̃ tous en boyuẽt/ disant: beuuez de cestuy tous: ⁊ toꝰ

77 1920 1159 70 en beurẽt/ cõe recite S. Marc. Et nostre Seigñr ne dit point

77 1977 1171 100 bayez ou ouurez la bouche/ ⁊ gardez uoꝰ de toucher: mais dit/

1259 309 114 76 Luc.22.

1253 836 134 51 de cõsec.

1246 866 143 108 dist.1. Li-

1251 917 136 57 gna. Al.

1251 960 89 51 taria.

1251 1001 114 69 Nemo

1257 1949 134 57 mat.26.

1248 1992 141 69 marc.14.

924 2037 337 93 K 2 prenez
