1700 2447
555 138 910 76 Et le pape la messe controuue/

434 203 1157 86 sont tirez hors de la parolle de uerite/ ⁊ menez hors du S. E-

444 275 1143 73 uangile/ pour soy fier aux choses uaines ⁊ pestilentes. Et poͬ

430 328 1161 69 plus clairement ueoir/ que la messe est pour mettre le prestre

428 385 1163 69 du tout au lieu de Iesus/ ⁊ faire Iesus uain ⁊ superflu/ ⁊ tour

438 444 1155 67 ce qu il a faict/ ilz attribuent au prestre tout ce que appartient

432 501 1161 76 seulement a Iesus: en quoy lon faict un merueilleux change.

440 560 1147 72 Car il est dit que a la uoix du prestre/ le ciel se ouure en lheu-

424 615 1161 76 re de limmolation (cest au canon) en laquelle Christ de rechief

438 674 1151 68 meurt/ son corps par tout est prins/ ⁊ sa chair pour le salut du

440 732 1145 71 mõde souffre/ les choeurs des Anges sont presens/ ⁊ les cho-

420 789 1171 75 ses souueraines ⁊ tres basses sont associees ⁊ conioinctes/ ⁊ est

424 854 1167 67 faict une chose des choses uisibles ⁊ inuisibles. En mesmes

424 911 1167 63 temps il est prins par le mistere des Anges au ciel pour estre

420 964 1169 65 contoinct au corps de Christ/ ⁊ deuant les ieulx du Sacrifi-

420 1023 1173 72 cateur/ il est ueu en lautel/ ⁊ apres plusieurs choses dit/ que no-

422 1076 1169 74 stre salut est icy: ⁊ pourtant que nous pechons tous les iours/

422 1135 1169 68 par ce sacrement nous auons remission des pechez. Gratian

424 1190 1165 70 dit/ que ces parolles sont de Gregoire en lhomelie de Pasq̃s.

426 1250 1161 71 Ie uouldroye prier ces gens/ quilz noꝰ diẽt q̃l passage ilz ont

424 1311 1163 67 de la saincte Escripture/ q̃ toꝰ les iours Iesꝰ meure ⁊ souffre/

424 1366 1163 71 ⁊ qͥl soit toꝰ les iours sacrifie/ ⁊ immole/ qͥ uault autãt a dire.

424 1423 1161 63 Car la chose uiuãte quãd elle est sacrifiee elle est mise a mort/

424 1476 1163 67 cõe Abraham uouloit faire de son filz Isaac/ lequel il uouloit

424 1531 1163 75 sacrifier/ tirant le couteau pour le frapper. Et Iephthe qui sa-

420 1592 1169 69 crifia sa fille/ il la tua/ ⁊ autremẽt ne trouuerez sacrifice auoir

422 1651 1165 70 este faict de chose uiuante/ fors quen la tuãt ⁊ mortifiant. Ie

422 1706 1169 74 say que ancuns diront que cecy est un sacrifice de louẽge/ ⁊ que

422 1761 1171 72 ainsi de rechef Iesus est offert ⁊ meurt. Nous demandõs la

424 1820 1165 80 parole de Dieu qui die/ ⁊ nous monstre cecy estre facrifice:

424 1878 1169 69 car Iesus na institue sa Cene quen memoire de soy/ ⁊ autre-

424 1935 1165 73 ment ne parle Lescripture. Il nest commande doffrir/ ne de

426 1992 1161 85 sacrifier/ ne de faire temple sacre/ ne autel/ telz uestementz/

275 554 145 74 De sõse.

273 611 129 53 distin.2.

273 654 133 51 Quis

275 693 125 55 sit san-

275 740 104 63 guis.

285 1396 125 94 Geñ.22.

277 1474 143 77 Iudic.11.

1430 2059 161 76 ne tant
