1700 2447
553 130 902 88 Et le Pape la messe coutrouue/

426 210 1190 67 ne sauent nentendent ce quilz disent/ car sil y a tant Danges

420 271 1192 65 ⁊ Dieu y est si grandemẽt/ ⁊ la chose est si saincte (cõme ilz di-

420 330 1192 67 sent) cõmẽt peult le diable sapprocher/ quil le faille chasser par

420 383 1194 67 tant de croix? En la saincte table de nostre Seigñr/ il ne fault

418 442 1194 65 point de croix/ ne aussi au S. Baptesme: cõbiẽ que les prestres

416 493 1196 73 en leurs fassons de faire/ ilz adiurent tant de foys le diable/ qͥl

418 554 1194 67 sorte du petit enfant/ faisant grosse iniure a la saincte creature

420 617 1188 62 de Dieu innocente/ cõme sont les enfans/ lesq̃lz Iesus a prins

420 668 1190 68 entre ses bras/ auant que fussent baptisez: disant/ que a telz est

430 727 1178 70 le Royaulme des cieulx. Il ne fault ainsi entendre que nostre

420 778 1188 76 salut soit en ce q̃ faict le prestre en la messe/ en son sacrifice ima-

416 838 1192 71 ginatif/ ⁊ qͥl cuyde faire: mais cõe la pure parolle de Dieu porte

418 897 1190 69 seulement au Seigneur Iesus/ qui mourant nous a rachetez:

416 954 1192 73 ⁊ par un seul sacrifice nous a consommez. Les papaulx qui suy

416 1017 1194 65 uent ⁊ tiennent la doctrine du Pape/ nont seulemẽt faict le sa

416 1068 1192 73 crifice de Iesus/ tant quil est en eulx esgal ⁊ semblable a ceulx

416 1129 1192 67 de Moyse/ mais beaucoup moindre: car iamais si prophane-

416 1184 1190 68 ment les sacrifices de Moyse ne furent faictz/ cõme est faicte

416 1237 1186 78 la messe/ laquelle faulcemẽt ilz appellent le sacrifice de Iesus/

418 1300 1188 68 soit quon regarde ceulx qui chantent la messe/ ⁊ la maniere ⁊ la

420 1360 1182 69 fin: ⁊ toutes les circonstances. Quelle beste y a sur la terre/ quõ

416 1415 1188 65 ne receoiue ⁊ admette pour dire messe? poͬ toutes choses/ ne dit

412 1472 1188 63 lon point messe/ soit pour auoir en demandant/ ou poͬ perdre/ ⁊

412 1523 1185 69 qͥl soit oste ce quõ demãde estre chasse? de tout on faict des mes-

414 1580 1183 71 ses. Or il est escript q̃ si les sacrifices de Moyse eussent peu o-

414 1639 1181 75 fter les pechez/ qͥlz eussẽt cesse ⁊ ne fussẽt estez reiterez. Parquoy

412 1696 1192 69 le Sacrifice de Iesꝰ/ qͥ plainem̃t a efface les pechez/ a este faict

414 1749 1188 71 une foys/ ⁊ nest plus faisable/ ne a reiterer/ ⁊ ne fault a Jesus

416 1814 1184 72 aucun Lieutenãt/ Uicaire/ ou successeur: car il peult sauuer eter

418 1876 1186 61 nellement tous ceulx qui uiennent a luy/ estant tousiours ui-

418 1929 1184 65 uant/ en quoy le Pape ⁊ tous les siens luy font tresgrosse iniu

416 1990 1186 112 re/ luy donnant successeur/ Uicaire/ ⁊ lieutenãt/ cõme ilz disent/

277 212 106 49 cio li-

277 252 120 76 bro iiii.

273 717 137 66 matt.19.

279 766 123 57 mar.10.

1489 2043 123 89 uoire
