1700 2447
328 122 669 88 chief de toute abusion.

67 195 1169 88 uoire comme leurs parolles cõtiennent: le Pape tient le lieu/

67 263 1165 85 non de pur homme/ mais du uray Dieu. Et disent que loffice

67 324 1153 77 sacerdotal a este transfere de Christ a Pierre/ ⁊ de Pierre ilz

67 381 1157 79 ueulent que tous les Papes soyent successeurs/ ⁊ ainsi plus¬

75 432 1161 85 sieurs sont ordonnez a cause de leur mort ⁊ deces/ ainsi quil

69 497 1167 73 est aduenu a Aaron ⁊ a ses successeurs/ qui sont uenus apres

69 550 1179 90 luy. Et ainsi Christ nauroit point loffice sacerdoral eternel/

69 601 1171 92 qui est grosse blaspheme contre la parolle de Dieu. Le Pape

65 668 1175 72 rẽuersant ce qui est dit du sang de Iesus/ qui nous purifie des

67 721 1159 78 oeuures mortes/ dit: Nous benissons leaue aspersee du sel

65 781 1167 87 aux peuples/ afin que tous aspersez dicelle soyent sanctifiez

67 844 1165 65 st purifiez/ ce que doibuẽt faire tous les Sacrificateurs. Car

69 897 1167 71 si la cendre de la genisse esparse sanctifioit ⁊ nettoyoit le peu¬

69 950 1169 75 ple/ par plus forte raison leaue aspersee du sel ⁊ sacree par prie¬

69 1005 1161 90 res diuines/ sanctifie ⁊ nettoye le peuple. Et si le sel asperse

69 1062 1161 86 par Helisee le ꝓphete a guery la sterilite de leaue/ par plus for¬

69 1121 1169 75 te raison le sel sacre par diuines prieres ostera la sterilite des

69 1180 1167 86 choses humaines/ ⁊ sanctifie ⁊ purge les souillez/ multiplie

71 1233 1163 78 les biẽs/ ⁊ chasse les espies ⁊ aguetz du diable/ ⁊ garde les hõ¬

69 1294 1175 76 mes des phantasmes ⁊ de trõperies. Uoyla les parolles de la

75 1347 1171 80 beste/ qui ainsi blaspheme ⁊ destruict la parolle de Dieu/ ⁊ ain

73 1407 1171 79 si quasi par tout il a faict. En la premiere Eglise tous les ioͬs

73 1462 1161 79 lon faisoit la Cene/ laquelle estoit prinse de tous/ puis lon la

75 1519 1169 91 mis au dimenche/ apres a este ordonne de la faire troys foys

77 1574 1167 87 lan/ puis une: ⁊ le dimenche est dõne le pain benict/ au lieu de

77 1635 1167 77 la Cene/ ainsi disent ilz. La redemption de Iesus ⁊ tout ce qͥl

81 1690 1157 79 a faict pour son Eglise/ en la messe est mis a neant autant cõ¬

79 1747 1167 86 me les Papes ont peu/ renuoyans a Dieu/ cõme ilz disent/

83 1806 1165 84 ce qui leur a donne. Carilz disent/ offrir pour Leglise saincte

83 1869 1172 76 catholicque/ en la premiere partie du canon/ ⁊ pour la redem¬

85 1920 1176 84 pion des uiuans/ lesquelz ilz nomment en leur premier me¬

87 1980 1174 99 mento/ ⁊ pour les assisiens ⁊ presens/ qui sont ditz offrir auec

1240 216 135 63 distin.21.

1238 267 141 59 In nouo

1238 309 131 49 extra de

1238 348 129 55 transla.

1236 387 127 61 Quãto

1240 434 131 59 glossa i

1240 471 141 63 cap. trãs

1240 513 123 55 lato. ex¬

1238 558 125 53 tra de cõ

1238 599 121 57 stitutio.

1238 640 119 55 Ebre.9.

1240 715 137 86 De cõse.

1244 713 109 110 distin.3.

1234 803 129 98 Aquam

1236 848 76 67 sale.

1251 1429 100 63 Ratio.

1246 1476 125 57 divinor.

1246 1519 143 55 officiorũ

1244 1562 115 59 lib.iiii.

1022 2045 255 92 L celuy
