1700 2447
324 114 684 81 chief de toute abusion.

71 185 1180 96 doibt dire en soy. Seigneur si tu es la/ ⁊ que le prestre aye faict

79 252 1174 72 son debuoir/ ie tadore: autrement non. Car il me fault adorer

81 309 1172 72 Dieu par condition nen doubte: mais en plaine foy ⁊ certitu-

81 369 1172 73 de/ que ce que nous adorons/ est le uray ⁊ seul Dieu/ ou autre-

83 424 1168 71 ment ie pourroye dire (adorant une pierre) ou quelque autre

83 483 1165 73 chose/ Seigneur ie tadore si tu es ceste pierre/ ⁊ si tu ueulx en

85 542 1166 67 icelle estre adore: aultrement ie ne tadore point/ laquelle ado-

85 597 1161 77 ration est contre Dieu ⁊ uraye idolatrie/ car Dieu deffend ex-

83 658 1165 63 pressement/ de soy incliner a chose faicte des mains des hom-

85 715 1166 70 mes. En tenant ⁊ confessant la doctrine du Pape/ que a la

85 768 1168 72 uoix du prestre le corps de Iesus descend du ciel: ⁊ quil est rea

83 827 1168 70 lement ⁊ corporellement soubz les especes du pain/ lequel est

83 889 1165 71 transubstantie au corps de Christ: ⁊ le sang aussi soubz les

85 946 1166 71 especes de uin/ que aussi est transubstantie au sang/ tellement

85 1001 1161 67 quil ni a plus ne pain ne uin/ cecy croyant ⁊ confessant/ lon

85 1058 1161 71 renonce la foy ⁊ la creance que tous Chrestiens tiennent ⁊

85 1117 1163 65 confessent estre uraye: ⁊ la repute lon faulse/ car tous croyons

85 1174 1163 65 que nostre Seigneur Iesus est resuscite en son propre corps/

87 1231 1161 72 auq̃l uisiblement (uoyans ses Apostres) il est mõte es cieulx/

85 1288 1161 70 ⁊ est assis a la dextre du Pere: ⁊ de la uiendra iuger les uifz ⁊

89 1341 1166 70 les mortz/ uenant comme il est monte en gloire ⁊ maieste/ ou-

89 1402 1164 74 uertement ⁊ uisiblement. Quon examine les passages quilz

91 1455 1164 70 deffendent de croyre a ceulx qui disent icy est Christ/ ou la/ ⁊

93 1515 1160 69 quilz monstrent quil fault cercher les choses qui sont la sus/

91 1576 1166 65 ou Iesus est assis a la dextre du Pere ⁊ non celles qui sont sur

93 1629 1164 75 la terre: comme est le sacrement. En quelle escripture est cou-

91 1688 1168 67 tenu q̃ les prestres ayẽt la puissance de faire descendre le corps

93 1743 1170 69 de Iesus du ciel? qui leur a dõne ne cõmãder de muer le pain au

91 1802 1170 78 corps de Iesꝰ/ ⁊ le uin en son sans poͬ lenclorre ⁊ enfermer de-

93 1857 1170 78 dans un armaire ⁊ le porter dedãs une boyste? ilz ne sauroyẽt

97 1920 1166 66 guerir un pied de mouche/ combien que nostre Seigneur a

93 1971 1168 106 baille expres cõmandemẽs a ses Apostres de guerir les mala-

926 2033 331 73 L 2 des/ ce
