1700 2447
583 114 894 91 Et le Pape la messe controuue

446 187 1166 88 des/ ce que nous lisons clairement auoir este faict: mais que

451 246 1161 82 on puisse faire uenir le corps de Iesus/ on nen trouue aucune

448 311 1168 74 escripture ne promesse/ autrement ne fault doubter que Dieu

448 365 1168 77 eut plainement monstre par sa saincte Escripture/ quelle re¬

446 424 1172 73 uerence/ ⁊ quel honneur lon doibt faire au sacremẽt: ⁊ cõment

453 481 1163 73 il le fault adorer/ ueu que les sainctz Apostres ont tant par¬

448 544 1170 65 le des autres choses/ comme des paoures/ en quelle sorte leur

453 593 1159 84 fault ayder/ de la maniere de uiure/ tant en faictz/ comme en

451 648 1163 84 dict/ afin quon uiue sainctemẽt: ⁊ quon ne scandalise son pro¬

448 713 1168 72 chain/ nen uiande/ ne par parolle/ ⁊ mesmes monstrent com¬

451 772 1165 70 me lon doibt uenir a la table: mais les seulz Papes ⁊ leurs a¬

453 827 1163 72 dherẽs ont faictz de gros cas/ comme il fault chracher apres

451 882 1167 74 auoir receu le sacrement: ⁊ si lon le uomit ⁊ iecte hors/ sil est

451 940 1169 71 mange du tout/ ou a moytie de quelque beste/ sil tombe sur la

451 997 1163 75 terre ou sur drapeaulx/ ⁊ quelz draps il fault auoir/ combien

453 1062 1169 67 de ioyalles/ ⁊ de quelle matiere doibt estre le calice: quon regar

453 1109 1165 75 de les distinctions de consecratione/ ⁊ ce que les docteurs en

453 1178 1167 67 escripuent au quatriesme des sentences. Tous les tours du

453 1227 1165 71 prestre sont comptez/ tant ceulx qui sont du tout/ ou a la moy¬

453 1282 1167 69 tie/ comme sil dansoit une basse dance/ toutes les mines ⁊ in¬

455 1339 1163 72 clinations/ baisemens/ ⁊ croix: ⁊ combien de pieces il doit fai

457 1398 1159 72 re de son paoure Dieu/ laquelle il doibt mettre dedans le uin:

455 1458 1161 67 combien que une partie des singeries (ie dis des ceremonies)

453 1511 1165 79 sont fort changees/ cõme lon peult ueoir au chapitre ou il est

453 1576 1163 67 dit/ poͬquoy lon faict troys partz du corps de Christ/ qui dit.

451 1629 1167 73 Le corps du Seigneur est de troys formes/ la partie qui en la

451 1684 1165 77 messe est offerte dedans le calice/ monstre que desia le corps de

451 1743 1163 73 Christ est ressucite: la partie mãgee/ le cheminant encore sur

453 1798 1165 71 la terre/ ⁊ la partie qui demeure en lautel iusques a la fin de la

451 1863 1167 66 messe/ le corps au sepulchre: car iusques a la fin du siecle les

451 1920 1165 66 corps des sainctz seront au sepulchre. Des autres paouretez

455 1975 1161 119 quilz atrribuent aux precieux corps de Iesus/ quil soit sensi

310 1635 138 71 de sõsec.

310 1690 138 51 distin.2.

306 1723 132 69 Trifor¬

316 1774 108 65 me.

1436 2028 182 102 blement
