1700 2447
473 138 441 94 en toute liesse.

91 216 1170 83 ⁊ luy a donne le nom/ lequel est sur tout nom/ afin que au nom

93 269 1168 87 de Iesus/ tout genouil soit flechy de ceulx qui sont au ciel/ ⁊

95 332 1164 75 qui sont en la terre ⁊ aux enfers. Et toute langue confesse que

93 383 1145 86 le Seigneur est Iesus Christ a la gloire de Dieu le Pere.

93 440 327 67 Philippiens.2.

95 497 1162 88 ¶ Quand uous estiez mortz en pechez/ ⁊ en la circoncision de

93 560 1162 72 uostre chair/ il uous a uiuifie auec luy/ uous pardõnant tous

91 617 1162 86 les pechez/ effaceant lobligation qui estoit cõtre nous/ par les

89 672 1162 76 decretz/ laquelle nous estoit contraire/ ⁊ il la oste du millieu/

91 727 1160 84 ⁊ la fiche a la croix/ ⁊ a despouille les principaultez ⁊ puissan¬

89 793 1157 69 ces/ ⁊ les a hardiment menez a honte publicquement trium¬

89 842 853 75 phant deulx par soymesme. Colossiens.2.

87 905 986 79 ¶ Celuy qui se humilie/ sera exalte. Matthieu.23.

87 958 1161 77 ¶ Or est esleue ⁊ constitue Iesus sur tous/ qui pour nous a e¬

85 1017 1161 84 ste faict moindre de tous. Et quand il les benissoit/ il se par¬

83 1072 723 80 tit deulx/ ⁊ fut esleue au ciel. Luc.24.

83 1127 1161 86 ¶ ll a monte en hault/ il a prins la captiuite/ qui estoit prison

81 1190 1000 70 niere/ il a donne dons aux hommes. Ephesiens.4.

85 1243 1155 82 ¶ Il fut esleue uoyãs iceulx/ ⁊ une nuee losta de leurs yeulx.

83 1303 1159 81 Cestuy Iesus qui est receu dauec uous au ciel/ uiendra ainsi

81 1358 1159 79 comme uous lauez ueu aller au ciel. Actes.1. Son regne nau¬

83 1413 1157 93 ra point de fin. Luc.1. Si aucun me sert/ si mensuyue. Et la

83 1470 790 108 ou ie suis/ mon seruiteur y sera. Iehan.12.

1053 1531 200 132 ¶ Qui
