1700 2447
428 130 561 86 en grand destresse.

104 199 1179 92 dou uient le uent, ie passeray lhauteur des nuees, ⁊ seray sem

108 267 1175 77 blable au treshaultain. Maintenant es tu abattu en enfer iu-

112 316 777 85 sques au profond de labisme. Esaye.14.

112 377 1173 79 ¶ Elle est cheute, elle est cheute la grand Babylone, ⁊ est fai-

112 438 785 75 cte habitation des diables. Apocalip.18.

112 493 1175 80 ¶ Et la beste fut prinse ⁊ auec elle le faulx prophete qui a faict

110 550 1175 80 les signes deuant luy, par lesquelz il a seduict ceulx qui ont

110 615 1173 72 prins la marcque de la beste, ⁊ qui ont adore son image. Ces

112 670 1165 82 deux ont este enuoyez tout uifz dedans lestang du feu ardãt,

110 721 1171 82 ⁊ de soulfre. Et les autres ont este occis par le glaiue, lequel

108 781 1173 89 procedoit de la bouche de celuy qui estoit assis sur le cheual.

106 834 310 75 Apocalipse.19.

108 895 1169 83 ¶ Et adoncques sera manifeste iceluy inique , lequel nostre

104 950 1173 83 Seigneur Iesus occira de Lesprit de sa bouche, ⁊ destruira par

106 1013 1171 75 lasplendear de son aduenement, celuy duquel laduenement

106 1068 1171 82 est selon loperation de Satan, en toute puissance, ⁊ signes, ⁊

104 1123 1169 82 miracles de mensonge, ⁊ en toute seduction diniquite a ceulx

104 1180 1169 82 qui perissent; pource quilz nont point receu la dilection de ue

102 1241 1173 88 rite; afin quilz fussent sauuez. Pource Dieu leur enuoyera

102 1303 1171 75 operation derreur, pour croire a mensonges; afin que tous

104 1354 1159 124 soyent iugez, qui nont point creu a uerire, mais ont consenty

104 1415 447 118 a iniquite.2. Thess.2.

948 1464 333 142 M ¶Sil est
