987 1536
372 133 241 58 & du Pape.

407 190 186 37 CHRIST.

87 222 843 41 Ie ſuis vn ver, & non pas homme, la deriſion des hommes & le mepris, du

64 252 175 44 peuple. Pſal. 21.

89 275 843 43 Le filz de l’homme n'eſt point venu pour eſtre ſeruy: mais pour ſeruir.

64 313 161 36 Matthieu 20.

87 337 845 42 Chriſt ſ'eſt aneanty ſoymeſmes, prenant la forme du ſeruiteur, faict en la

64 369 867 41 ſimilitude des hommes, & trouué en habit, comme hõme, il ſ'eſt humilie ſoy¬

62 398 868 45 meſmes, & à eſté faict obedient iuſques à la mort & la mort de la croix. Phil. 2.

408 430 168 35 PIERRE.

88 457 844 42 Chriſt à ſouffert pour nous, vous laiſſant exemple: à fin que enſuyuez ſes

68 494 195 39 voyes. 1.Pierre.2.

90 517 844 45 Il n'y a en luy ne beaulté, ne forme, meſpriſé & plus vilipẽdé que tous. Item

64 549 870 46 nous l’auons eſtimé comme vn lepreux, & auons eſté guaris, par la baſture

64 582 204 46 diceluy. Eſaye.53.

405 605 197 40 LE PAPE.

93 635 841 46 Nous auos la ſeigneurie de toute la terre, car à nous appartient iuger de

65 670 867 41 toutes cauſes: & à nul de iuger de nous, ne de noſtre iugement. 9.q.3. Cunta.

64 698 870 41 Nemo aliorum facta. Car nous auons tous les droitz, cachez en l'arche de noſtre

64 727 868 45 cœur. Non pas de pur homme: mais du vray Dieu, ſommes lieutenans en terre.

65 757 871 45 c.quanto de tranſla. Nous ſommes aſſis ſur la chere de preminence. de ſepultu.

64 789 870 46 ſuper ca. Tous princes Romains ont adoré noſtre ſiege. de iureiur. in Clemen.

64 826 134 35 Roma. princi.

93 844 842 49 Le Pape ſe dit. ſeruus ſeruorum: à fin qu'on congnoiſſe qu’il eſt le vray Cha¬

65 878 869 42 naam, qui eſt maudict. Geneſe 9. Et en ce monſtre clerement ſon hypocriſie,

67 908 867 44 veu qu’il vſurpe autorité ſur tous. Et ce faict appeller ſanctiſsimus pater, pere

67 937 809 46 treſſainct, comme eſtant ſur le pere, lequel Ieſus appelle pater ſancte. 10. 17.

93 968 844 49 Il a prins ce nom des idolatres, comme Paulus pere de Aphricanus, eſtoit

66 1000 455 51 appellé. Macrobius de ſomno. scipio in princi.

871 1024 67 47 Ieſus
