993 1536
263 112 467 56 Le Royaume terrien.

83 156 845 49 Ieſus doncques quand il congneu qu’ilz deuoient venir pour le prendre, &

53 192 723 43 le faire Roy: derechief ſe retira ſeul en la montaigne. Iehan. 6.

82 224 581 43 Mon Royaume n’eſt pas de ce monde. Iehan. 18.

83 251 848 45 Les Roys des gens ont domination ſur eux, & ceux qui ont puiſſance ſur

53 283 877 42 iceux, ſont nommez biensfaicteurs: mais il n’eſt point ainſi de vous. Ains celuy

53 313 880 45 qui eſt le plus grand d’entre vous, ſoit faict le moindre: & celuy qui precede,

54 343 878 43 comme le ſeruiteur. Car lequel eſt le plus grand, iceluy qui eſt aſsis à table, ou

54 372 875 48 celuy qui ſert? n’eſt ce pas celuy qui eſt aſsis à table? Et moy ie ſuis au millieu

54 408 463 39 de vous, comme celuy qui ſert. Luc.22.

82 430 848 47 Le diable le tranſporta ſur vne montaigne fort haulte, & luy monſtra tous

55 465 875 41 les Royaumes du monde, & la gloire diceux, & luy diſt: Ie te donneray toutes

53 494 878 41 ces choſes, ſi en toy proſternant tu me adores. Adoncques Ieſus luy dit: Va Sa¬

54 523 878 46 tan: car il eſt eſcrit: Tu adoreras ton Seigneur Dieu, & à luy ſeul tu ſeruiras.

54 559 162 42 Matthieu. 4.

83 581 845 44 Et aucun luy dit. Maiſtre dis a mon frere qu’il partiſſe auec moy l'heritage.

56 614 859 46 Et il luy diſt. Homme qui ma contitué iuge, ou partiſſeur ſur vous? Luc. 12.

84 644 848 43 Clerement lon voit, comme Ieſus ne veult Seigneurie, ne puiſſance, ne office

58 674 874 46 terrien: mais ſeulement eſt apres la predication, & a ſoulager le peuple: & pour

55 705 874 46 deffence quelconque, ne menaſſes, il ne deſiſte de faire ce que ſon pere luy a

54 738 417 41 commandé. Luc.13. Iehan 7 &.8.

84 755 843 50 La ou le Pape ne tache que faire ſa volunté, repugner a Dieu & aux princes,

57 791 868 60 auſquelz par ſes droictz, il doibt eſtre ſubiect. distin. 8.quo iure. distin. 9. impera¬

54 837 65 32 tores.

931 172 37 48 Ieh

935 212 34 40 Ieh

939 386 32 60 Lu

934 540 39 48 M

937 583 30 60 L

935 733 34 32 L

932 755 36 42 Ie

939 787 29 39 &

786 844 151 54 B Le
