993 1536
369 109 250 60 le faict ſien.

86 171 853 39 Le Pape excommunie tous vicaires, & tenans aucune choſe de Lempire, ſi

62 198 878 39 du tout ne ſe demettent, laiſſantz tout ce qu’ilz tiennẽt, caſſant tous ſermens,

64 228 873 42 & iuremens faictz du peuple à iceulx: & pour le veoir plus à plain, qu’on re¬

64 258 875 44 garde le chapitre. Si de fratrum. qui eſt du Pape Iehan xxij. Ne ſede vac. aliquid

63 290 877 35 innouetur extrauag. Si de fratrum. Et oyez encores cõme il ſe magniſie, & aneantiſt

63 320 875 38 la puiſſance de Lempereur, diſant: Nous ſans doubte auons ſuperiorité ſur

65 349 872 40 Lempire, & iceluy vacant, nous luy ſuccedons, ayans plenitude de puiſſance,

65 381 870 37 laquelle le Roy des Roys, & le Seigneur des Seigneurs, nous a donnee, le Roy

65 409 872 37 auſsi de Cecile nous eſt ſubiect iuſticiable, & noſtre vaſſal, tenant de nous ſon

64 441 871 37 Royaume & terres. in Clementi. de ſenten. & re iudica. Pastoralis. Lempereur Con¬

64 467 871 43 ſtantin, nous à donné Lempire D'occident, la couronne, & le manteau de

65 500 870 42 pourpre, & tout ce que appartient à la dignité Imperialle. 12.q.1. Futuram. &

64 530 871 34 distin.96.Constantinus. Les Empereurs doiuent eſtre ſubiectz aux Eueſques, non

66 561 870 39 point auoir preminence. distin.96. Si imperator. Les preſtres ſont maiſtres, &

67 587 466 44 peres des Princes. distinct. 96. Quis dubitet.

89 616 851 45 Regardez Creſtiens, ſi tout le droict Canon ne tache à cela, de deſtruire tous

64 648 875 44 Roys Empereurs, & Seigneurs, & leur oſter le glaiue, lequel Dieu leur a donné,

64 680 874 41 comme Sainct Paul dit aux Romains.13.pour accõplir ce que dit Sainct Pierre,

66 710 874 42 que ſe ſont auteurs de ſectes, comme eſt le Pape, & les religieux, qui contem¬

66 738 394 41 nent la domination. 2.Pierre.2.

94 768 846 42 Qu'on regarde la vie de Boniface. viij. comme il s'eſt porté enuers les Em¬

69 800 871 40 pereurs, & la vie de Hildebrant, grand magicien, qu’on appelle Gregoire ſep¬

68 831 872 35 tieſme, qu’eſt ce qu’il n'a faict pour deſtruire Lempire? combien tous les Papes

70 860 870 39 ont eſté à Lempire? & les grands tors qu’ilz ont faict aux droictz & naturelz

70 890 871 42 ſeigneurs, leurs oſtant leurs ſeigneuries & Royaumes, les donnant aux traiſtres

70 919 331 45 qui mainteniſſent les Papes?

98 951 846 38 O Princes, quand aurez vous veulx de recongnoiſtre celuy qui commande

71 981 873 48 qu’on vous rende ce qu’on vous doit, ne voulant vſurper, ne vous oſter, voſtre

73 1009 419 58 puiſſance. Luc.12. Matthieu. 17. 22.

939 416 38 52 D

943 459 37 41 fau

943 492 37 37 do

945 523 33 37 vo

948 554 29 37 L

948 586 29 33 va

945 609 35 56 ſo

734 1035 215 51 B 2 Certes
