998 1536
243 119 494 55 couronné piteuſement.

75 167 856 48 Certes Chriſt n'a point pleu à ſoy meſme, mais ainſi qu’il eſt eſcript. Les

54 203 785 41 opprobres de ceux qui te reprochoyent, ſont cheuz ſur moy. Rom.15.

79 233 854 35 Les genſdarmes du Preuoſt prindrent Ieſus au pretoire, & aſſemblerent de¬

53 262 879 40 uant luy toute la multitude, & le deueſtirent, & luy mirent autour de luy vn

53 295 878 39 manteau de Pourpre, & ployerent vne couronne deſpines: & la mirent ſur ſon

54 323 879 40 chief, & vn rouſeau en ſa main dextre, & s’agenouilloyent deuant luy, & ſe

53 353 878 42 moquoyent de luy, diſans: le te ſalue Roy des Iuifz, & crachoyent contre luy,

56 384 717 40 & prindrent vn rouſeau & frappoyent ſon chief. Matthieu.27.

81 414 850 41 Et Herode auec ſon exercite, le contemna, & ſe mocqua de luy, apres qu’il

57 444 722 41 I'euſt veſtu d’vn veſtement blanc, & le renuoya à Pialte. Luc.23.

81 475 849 37 Chreſtiens ie vous prie retournez vous, a ce treſdoux & tresbening Sau¬

53 502 878 42 ueur leſus, qui tant pour vous, à porté de tormens & afflictions, mort pour

53 535 876 41 vous, en treſgroſſe angoiſſe & paoureté. Helas que vous à il fait, que vous ne ve¬

52 566 879 38 nez à luy, qui tant amiablement vous appelle? Pource qu’il vous donne tout

53 596 877 36 & plus qu’on ne ſcauroit dire n’exprimer, le voulez vous contemner & laiſſer

54 625 876 39 pour retourner à lydole de Rome? Helas, il y à bien choys, Chriſt vient pour

53 655 877 41 viuifier, & le Pape pour tuer, Chriſt vous inſtruict, Le Pape vous deſtruict,

53 686 877 40 Chriſt vous nourriſt, Le Pape vous deuore, Chriſt doux & pitoyable à contem¬

54 720 879 36 pler, Le Pape eſt fier & orgueilleux, triumphant & fayſant grand chere de vo¬

52 746 880 39 ſtre ſueur & ſang, s’eſiouyſſant de voſtre mort. Et vous le ſuyuez en delaiſ¬

52 778 880 39 ſant celuy qui pour vous à ſouffert tous opprobres & maux, à fin que vous

53 807 876 46 triomphiſsiez, & euſsiez le Royaume Eternel. Leuez voz yeux, & regardez

54 834 260 50 quel change auez faict.

677 856 265 65 B 3 Quel
