988 1536
223 106 493 61 & or ſumptueuſement:

58 158 853 45 Quel orgueil, quelle pompe, quelle boubance peut eſtre comparee à celle du

35 194 879 35 Pape, à ſon veſtement, & ſon coronnement? n’eſt ce pas la grand paillarde? de

33 221 876 41 laquelle eſt dit qu’elle eſtoit aſsiſe ſur vne beſte rouge, plaine de noms de blaſ¬

35 256 875 39 phemes? laquelle eſtoit enuironnee de pourpre & deſcarlate, & doree d’or & de

35 285 873 39 pierres precieuſes, & de marguerites, ayant en ſa main vn calice d’or, plain d’a¬

35 315 874 39 bomination, & d’immondicité de ſa fornication? Elle va à perdition: & s’eſmer¬

34 343 875 42 ueilleront les habitans de la terre, qui ne ſont point eſcritz au liure de la conſti

34 375 329 37 tution du monde. Apoca. 17.

61 402 846 43 Le Pape ſe vante qu’il à eue en don la couronne, & le manteau de pourpre

35 437 871 37 & autres habillemens imperiaux, comme il appert. diſtin. 96 Conſtantinus. Non¬

34 465 873 37 obſtant que iamais Empereur n’euſt telle couronne, ne telz habillemens que

34 495 875 40 le Pape porte, en ſe mocquant de leſus & de Saint Pierre, pour eſtre adoré des

34 526 875 39 hommes: comme ſaint pere, & Dieu en terre. Comment ne regarde lon ce qui

35 556 873 40 eſt dit, de tenir le lieu des ſainctz? ce n’eſt pas eſtre en leur place, mais ſuyure

34 586 872 37 leur foy: comme il eſt contenu au decret. Diſtin. 40. Non eſt facile. Il faut faire

29 616 877 37 comme Saint Pierre, qui veut eſtre ſon ſucceſſeur, autrement qui fait comme

33 645 873 41 Iudas, Anne, & Caiphe, & Simon magus: il eſt leur ſucceſſeur, la dignité ne faict

37 675 869 42 point Leneſque, mais la vie. 2. qõ. 7. Non omnes, Tous qui ayment menſonge,

35 708 871 33 ſont filz du diable, non ſeulement en parolles: mais auſsi en faictz: ceſt men¬

35 735 871 38 ſonge, ſoy dire Chreſtien, & ne faire les œuures d’vn Chreſtien, ſoy dire Eueſ¬

35 766 870 39 que & faire le contraire. 22.q.5 Cauete fratres. Ne voit on pas que tout condem¬

36 797 870 39 ne l’eſtat du Pape, puis qu’il ce dit ſucceſſeur de leſus & de Pierre & ne tient

32 831 874 41 rien d’eux: mais leur eſt en tout contraire, qu’à il conformé à la couronne d’eſ¬

35 858 558 43 pines, n’auec la predication de Saint Pierre? Rien.

920 194 50 51 Apo

878 872 28 52 Il
