<?xml version="1.0" encoding="UTF-8"?>
<alto xmlns:xsi="http://www.w3.org/2001/XMLSchema-instance"
      xmlns="http://www.loc.gov/standards/alto/ns-v4#"
      xsi:schemaLocation="http://www.loc.gov/standards/alto/ns-v4# http://www.loc.gov/standards/alto/v4/alto-4-2.xsd">
  <Description>
    <MeasurementUnit>pixel</MeasurementUnit>
    <sourceImageInformation>
      <fileName>20_e6df1_default.jpg</fileName>
      <fileIdentifier>https://luna.manchester.ac.uk/luna/servlet/iiif/Manchester~91~1~425957~192597page20/full/full/0/default.jpg</fileIdentifier>
    </sourceImageInformation>
  </Description>
  <Tags>
    <OtherTag ID="BT8" LABEL="DamageZone" DESCRIPTION="block type DamageZone"/><OtherTag ID="BT10" LABEL="DropCapitalZone" DESCRIPTION="block type DropCapitalZone"/><OtherTag ID="BT11" LABEL="GraphicZone" DESCRIPTION="block type GraphicZone"/><OtherTag ID="BT12" LABEL="MainZone" DESCRIPTION="block type MainZone"/><OtherTag ID="BT13" LABEL="MarginTextZone" DESCRIPTION="block type MarginTextZone"/><OtherTag ID="BT15" LABEL="NumberingZone" DESCRIPTION="block type NumberingZone"/><OtherTag ID="BT17" LABEL="QuireMarksZone" DESCRIPTION="block type QuireMarksZone"/><OtherTag ID="BT18" LABEL="RunningTitleZone" DESCRIPTION="block type RunningTitleZone"/><OtherTag ID="BT20" LABEL="StampZone" DESCRIPTION="block type StampZone"/><OtherTag ID="BT21" LABEL="TableZone" DESCRIPTION="block type TableZone"/><OtherTag ID="BT22" LABEL="TitlePageZone" DESCRIPTION="block type TitlePageZone"/><OtherTag ID="BT886" LABEL="MarginTextZone:handwrittenAddition" DESCRIPTION="block type MarginTextZone:handwrittenAddition"/>
    <OtherTag ID="LT8" LABEL="DefaultLine" DESCRIPTION="line type DefaultLine"/><OtherTag ID="LT9" LABEL="DropCapitalLine" DESCRIPTION="line type DropCapitalLine"/><OtherTag ID="LT10" LABEL="HeadingLine" DESCRIPTION="line type HeadingLine"/><OtherTag ID="LT11" LABEL="InterlinearLine" DESCRIPTION="line type InterlinearLine"/><OtherTag ID="LT433" LABEL="default" DESCRIPTION="line type default"/>
  </Tags>
  <Layout>
    <Page WIDTH="988"
          HEIGHT="1536"
          PHYSICAL_IMG_NR="20"
          ID="eSc_dummypage_">
      <PrintSpace HPOS="0"
                  VPOS="0"
                  WIDTH="988"
                  HEIGHT="1536">
        <TextBlock HPOS="42"
                   VPOS="106"
                   WIDTH="888"
                   HEIGHT="798"
                   ID="eSc_textblock_b9be8a8d"
                   TAGREFS="BT12">
          <Shape><Polygon POINTS="337 167 42 155 47 900 227 904 236 873 923 881 930 166 659 165 655 107 335 106"/></Shape>
          <TextLine ID="eSc_line_e7e821e5"
                    TAGREFS="LT10"
                    BASELINE="345 150 648 155" 
                    HPOS="344"
                    VPOS="107"
                    WIDTH="304"
                    HEIGHT="62">
            <Shape><Polygon POINTS="597 110 596 110 569 115 548 110 547 110 546 110 545 110 544 110 532 118 529 121 514 121 487 121 481 116 473 110 472 110 471 110 470 110 469 110 468 110 465 114 447 108 446 108 445 108 444 108 430 115 420 119 374 119 368 112 363 108 363 107 362 107 361 107 360 107 351 109 345 121 345 150 344 162 385 162 388 162 404 167 405 167 406 167 430 162 444 159 452 162 465 168 466 168 467 168 480 162 482 162 483 162 501 168 502 168 502 169 533 169 533 168 534 168 535 168 542 162 543 162 647 162 648 155 648 127 645 122"/></Shape>
	    <String CONTENT="laue les piedz."
                    HPOS="344"
                    VPOS="107"
                    WIDTH="304"
                    HEIGHT="62"
                    WC="0.9952211181322733"></String>
          </TextLine>
          <TextLine ID="eSc_line_b5dd6f45"
                    TAGREFS="LT8"
                    BASELINE="83 187 922 197" 
                    HPOS="82"
                    VPOS="162"
                    WIDTH="840"
                    HEIGHT="44">
            <Shape><Polygon POINTS="920 179 912 179 903 178 894 178 886 177 877 177 847 177 844 175 843 175 835 174 826 174 818 174 809 174 800 173 792 172 784 172 779 174 776 176 772 174 766 171 766 171 758 170 754 170 742 174 736 176 695 176 643 173 591 169 590 169 572 171 549 174 544 171 537 166 536 166 535 166 534 166 533 166 532 166 526 170 520 174 491 174 479 170 463 165 462 165 411 165 410 165 409 165 398 168 391 171 387 168 383 165 382 165 381 165 380 165 380 165 371 168 368 170 265 170 250 166 235 162 234 162 165 162 164 162 163 162 155 165 146 168 139 165 132 162 131 162 130 162 83 163 83 187 82 195 142 200 143 200 228 197 231 197 232 197 237 202 238 202 239 202 239 202 292 198 295 198 296 198 311 203 312 203 920 206 922 197 920 179 920 179"/></Shape>
	    <String CONTENT="Il faut Chreſtiens que vous ſuyuiez ce bon Sauueur: car il eſt la lumiere"
                    HPOS="82"
                    VPOS="162"
                    WIDTH="840"
                    HEIGHT="44"
                    WC="0.982015170463144"></String>
          </TextLine>
          <TextLine ID="eSc_line_4d38b1a4"
                    TAGREFS="LT8"
                    BASELINE="57 217 921 227" 
                    HPOS="57"
                    VPOS="194"
                    WIDTH="864"
                    HEIGHT="48">
            <Shape><Polygon POINTS="57 199 57 217 57 228 186 227 194 230 206 234 207 234 208 234 209 234 210 234 216 231 219 228 270 228 276 231 284 235 285 235 286 235 286 235 296 232 302 229 333 229 339 232 345 236 346 236 347 236 348 236 403 232 406 232 407 232 420 237 420 237 421 237 422 237 436 232 438 232 452 232 561 238 561 238 680 235 703 235 714 236 764 240 765 240 765 240 779 237 785 235 829 235 833 237 848 242 849 242 850 242 876 238 885 236 891 238 903 242 904 242 905 242 906 242 920 238 921 227 920 209 846 208 837 202 836 202 836 202 835 202 834 202 818 206 776 202 775 202 774 202 760 207 758 208 706 208 689 205 632 199 631 199 602 204 592 205 566 203 488 197 487 197 452 202 436 203 429 201 417 197 416 197 337 196 336 196 335 196 327 200 321 203 280 203 263 198 252 197 251 197 233 198 204 201 176 201 170 197 166 194 165 194 164 194 163 194 163 194 156 197 149 200 58 196 57 199"/></Shape>
	    <String CONTENT="du monde: qui va apres luy, il ne va point en tenebres: mais à la lumiere"
                    HPOS="57"
                    VPOS="194"
                    WIDTH="864"
                    HEIGHT="48"
                    WC="0.9898287533102809"></String>
          </TextLine>
          <TextLine ID="eSc_line_1d491ed8"
                    TAGREFS="LT8"
                    BASELINE="57 250 235 248" 
                    HPOS="56"
                    VPOS="224"
                    WIDTH="179"
                    HEIGHT="37">
            <Shape><Polygon POINTS="57 250 58 261 78 256 116 260 134 261 135 261 148 258 158 256 175 257 221 260 222 260 222 260 235 255 235 248 234 231 216 224 216 224 215 224 214 224 213 224 205 231 174 231 167 225 167 224 166 224 165 224 145 224 144 224 143 224 130 231 129 231 95 225 63 225 62 225 61 225 60 225 56 228 57 250"/></Shape>
	    <String CONTENT="de vie. Iehan 8."
                    HPOS="56"
                    VPOS="224"
                    WIDTH="179"
                    HEIGHT="37"
                    WC="0.9935792610049248"></String>
          </TextLine>
          <TextLine ID="eSc_line_5ae8a5b6"
                    TAGREFS="LT8"
                    BASELINE="89 279 921 287" 
                    HPOS="88"
                    VPOS="250"
                    WIDTH="833"
                    HEIGHT="52">
            <Shape><Polygon POINTS="89 279 88 288 161 289 172 295 173 295 174 295 256 290 466 297 467 297 490 293 503 298 504 298 505 298 645 295 655 299 656 299 657 299 836 296 896 302 897 302 920 296 921 287 920 267 878 267 876 266 852 259 851 259 850 259 849 259 833 265 809 261 808 261 790 265 788 265 607 264 600 262 555 253 555 253 515 261 509 262 502 261 462 252 461 252 426 257 405 251 404 251 246 250 245 250 201 251 200 251 186 257 181 259 170 257 142 251 141 251 140 251 131 256 128 258 89 256 89 279"/></Shape>
	    <String CONTENT="C&#x27;eſt le Filz de Dieu bien aymé, lequel le Pere nous commande d’ouyr."
                    HPOS="88"
                    VPOS="250"
                    WIDTH="833"
                    HEIGHT="52"
                    WC="0.9809373421328408"></String>
          </TextLine>
          <TextLine ID="eSc_line_83452897"
                    TAGREFS="LT8"
                    BASELINE="60 307 218 308" 
                    HPOS="59"
                    VPOS="284"
                    WIDTH="159"
                    HEIGHT="39">
            <Shape><Polygon POINTS="60 307 59 320 109 322 110 322 122 320 133 317 140 319 153 323 154 323 155 323 181 318 183 318 184 318 195 323 196 323 197 323 198 323 217 317 218 308 218 290 202 286 201 286 200 286 199 286 191 290 190 290 142 290 140 289 134 284 133 284 132 284 131 284 60 285 60 307"/></Shape>
	    <String CONTENT="Matthieu. 7."
                    HPOS="59"
                    VPOS="284"
                    WIDTH="159"
                    HEIGHT="39"
                    WC="0.989862859249115"></String>
          </TextLine>
          <TextLine ID="eSc_line_03de2198"
                    TAGREFS="LT8"
                    BASELINE="85 340 315 339 920 348" 
                    HPOS="85"
                    VPOS="311"
                    WIDTH="835"
                    HEIGHT="49">
            <Shape><Polygon POINTS="85 340 85 351 124 347 131 351 132 351 133 351 134 351 159 348 192 352 199 353 200 353 205 352 228 349 261 353 272 354 273 354 280 353 296 349 302 353 303 354 304 354 304 354 384 354 385 354 394 354 415 350 421 354 426 355 426 355 427 355 447 354 477 351 482 354 484 355 485 355 485 355 486 355 510 354 547 352 561 354 576 357 577 357 606 354 630 353 633 354 637 358 637 358 638 358 639 358 655 355 665 354 689 355 739 359 740 359 834 356 843 356 844 356 859 360 860 360 861 360 862 360 871 356 872 356 918 356 920 348 919 326 841 321 841 321 803 324 789 325 788 324 776 316 775 316 774 316 773 316 719 322 705 324 688 322 630 314 629 314 598 320 592 321 585 320 550 314 498 314 497 314 496 314 496 314 489 319 480 313 479 313 479 313 458 313 457 313 431 318 423 319 420 317 412 312 411 312 410 312 387 312 386 312 366 316 352 320 347 316 340 311 339 311 339 311 338 311 261 314 204 317 184 314 175 312 175 312 174 312 173 312 171 313 163 318 129 318 85 312 85 340"/></Shape>
	    <String CONTENT="Pour vray ainſi qu’il à laué les piedz de ſes Apoſtres: ainſi il nous a laué en"
                    HPOS="85"
                    VPOS="311"
                    WIDTH="835"
                    HEIGHT="49"
                    WC="0.967337066807398"></String>
          </TextLine>
          <TextLine ID="eSc_line_4df03777"
                    TAGREFS="LT8"
                    BASELINE="57 368 917 378" 
                    HPOS="57"
                    VPOS="343"
                    WIDTH="860"
                    HEIGHT="46">
            <Shape><Polygon POINTS="57 368 57 378 212 378 216 379 222 382 222 382 223 382 268 380 321 378 334 381 344 384 344 384 345 384 360 382 376 379 388 382 394 384 395 384 396 384 442 383 538 381 565 384 576 386 577 386 586 385 609 382 625 385 631 387 631 387 632 387 672 386 755 384 771 388 777 389 777 389 786 388 818 384 841 389 846 389 847 389 853 389 882 385 916 389 917 378 917 360 845 352 844 352 790 357 774 359 643 358 638 354 631 349 630 349 629 349 602 349 601 349 600 349 592 354 587 356 560 356 507 352 463 348 462 348 449 350 436 353 426 350 415 347 415 347 353 347 352 347 351 347 348 349 337 353 309 348 309 348 308 348 307 348 283 353 205 353 180 345 177 344 176 344 175 344 170 344 131 349 118 343 117 343 116 343 116 343 114 343 95 347 57 343 57 368"/></Shape>
	    <String CONTENT="ſoy humiliant, pour nous à ſouffert la mort, comme vn paoure malfaicteur,"
                    HPOS="57"
                    VPOS="343"
                    WIDTH="860"
                    HEIGHT="46"
                    WC="0.9861884036579648"></String>
          </TextLine>
          <TextLine ID="eSc_line_3c37c8e0"
                    TAGREFS="LT8"
                    BASELINE="56 399 917 407" 
                    HPOS="55"
                    VPOS="374"
                    WIDTH="862"
                    HEIGHT="46">
            <Shape><Polygon POINTS="56 399 55 407 66 413 67 413 68 413 296 410 314 410 320 410 385 415 385 415 549 413 549 413 583 418 584 418 654 413 656 413 657 413 684 418 831 420 832 420 917 415 917 407 917 387 864 383 863 383 842 386 835 387 828 386 811 382 810 382 713 384 686 385 684 384 675 380 674 380 673 380 530 383 493 384 490 383 473 378 472 378 471 378 424 382 415 383 412 382 394 377 393 377 392 377 334 381 324 382 321 381 302 376 301 376 248 376 247 376 246 376 234 380 233 381 233 380 225 375 224 375 223 375 222 375 155 380 145 380 143 379 133 374 132 374 131 374 56 378 56 399"/></Shape>
	    <String CONTENT="combien qu’il n’euſt iamais fait mal, pourtant delaiſſant tout, allons à luy"
                    HPOS="55"
                    VPOS="374"
                    WIDTH="862"
                    HEIGHT="46"
                    WC="0.9882419341570371"></String>
          </TextLine>
          <TextLine ID="eSc_line_0def41fe"
                    TAGREFS="LT8"
                    BASELINE="56 429 919 439" 
                    HPOS="55"
                    VPOS="404"
                    WIDTH="864"
                    HEIGHT="50">
            <Shape><Polygon POINTS="56 429 55 443 91 444 92 444 93 444 104 439 188 445 200 446 201 446 202 446 204 446 224 441 263 445 263 445 350 442 366 448 367 448 368 448 368 448 371 448 398 442 426 447 427 447 473 443 497 449 500 449 501 449 514 449 623 445 710 452 719 452 720 452 725 452 774 447 813 453 816 453 817 453 818 453 846 449 855 453 856 453 857 453 858 454 918 454 919 439 918 417 706 417 693 414 676 411 675 411 674 411 660 414 653 416 646 414 633 410 632 410 631 410 586 413 561 415 537 413 488 408 433 408 432 408 432 408 424 412 421 413 416 412 403 407 402 407 344 407 344 407 250 411 232 411 227 410 198 405 197 405 140 409 129 410 127 409 111 404 111 404 110 404 56 408 56 429"/></Shape>
	    <String CONTENT="par vraye foy, tenans ſa ſaincte Parolle, ayans charité, regardant ce qu’il"
                    HPOS="55"
                    VPOS="404"
                    WIDTH="864"
                    HEIGHT="50"
                    WC="0.9841490889850416"></String>
          </TextLine>
          <TextLine ID="eSc_line_c1e6b0a2"
                    TAGREFS="LT8"
                    BASELINE="53 460 167 459" 
                    HPOS="52"
                    VPOS="435"
                    WIDTH="115"
                    HEIGHT="41">
            <Shape><Polygon POINTS="53 460 53 476 111 468 165 475 167 459 165 442 132 435 131 435 130 435 105 442 105 442 104 442 93 437 93 437 92 437 52 441 53 460"/></Shape>
	    <String CONTENT="nous dit."
                    HPOS="52"
                    VPOS="435"
                    WIDTH="115"
                    HEIGHT="41"
                    WC="0.9986676838662889"></String>
          </TextLine>
          <TextLine ID="eSc_line_cbe2f133"
                    TAGREFS="LT8"
                    BASELINE="86 489 480 491 919 500" 
                    HPOS="85"
                    VPOS="461"
                    WIDTH="834"
                    HEIGHT="47">
            <Shape><Polygon POINTS="86 489 85 494 95 500 96 500 175 501 176 501 233 497 234 497 237 497 319 503 320 503 412 500 416 500 417 500 424 505 425 505 426 505 426 505 457 500 458 500 460 500 672 508 672 508 918 506 919 500 919 480 909 475 908 475 907 475 818 478 795 471 795 471 794 471 793 471 771 478 762 478 733 478 726 477 653 470 652 470 625 475 621 476 619 475 607 468 606 468 539 467 538 467 501 473 497 473 496 473 486 466 485 466 485 466 410 465 409 465 382 471 373 472 362 471 333 465 333 465 292 469 274 471 231 471 227 468 216 463 216 463 215 463 214 463 198 467 189 470 140 470 127 466 107 461 106 461 86 465 86 489"/></Shape>
	    <String CONTENT="Si doncques moy Seigneur &amp; Maiſtre, ay laué voz piedz, vous deuez auſ¬"
                    HPOS="85"
                    VPOS="461"
                    WIDTH="834"
                    HEIGHT="47"
                    WC="0.9824653981437146"></String>
          </TextLine>
          <TextLine ID="eSc_line_895a8bcb"
                    TAGREFS="LT8"
                    BASELINE="59 520 502 522 918 530" 
                    HPOS="59"
                    VPOS="494"
                    WIDTH="859"
                    HEIGHT="46">
            <Shape><Polygon POINTS="59 520 59 532 86 528 111 533 113 533 114 533 117 533 156 529 203 534 208 534 209 534 213 534 257 529 273 534 274 534 274 534 275 534 290 529 329 529 345 534 346 534 347 534 396 530 406 535 407 535 408 535 529 531 546 536 552 538 553 538 554 538 572 536 620 532 637 537 643 539 644 539 645 539 646 539 651 537 664 533 704 537 724 540 724 540 917 539 918 530 918 510 902 505 901 505 900 505 839 508 833 508 824 503 824 503 823 503 822 503 775 507 768 507 766 506 755 502 754 502 754 502 753 502 738 506 733 507 703 506 657 503 656 503 642 505 626 506 617 504 603 500 602 500 602 500 544 503 496 505 485 502 474 499 473 499 473 499 472 499 464 501 456 504 449 501 442 499 441 499 440 499 403 500 340 503 315 499 304 497 304 497 293 498 268 502 261 498 259 496 258 496 257 496 257 496 231 497 162 500 152 495 151 495 150 495 149 495 148 495 146 495 130 500 112 495 110 494 109 494 59 494 59 520"/></Shape>
	    <String CONTENT="ſi lauer les piedz l’vn de l’autre. Car ie vous ay donné exemple, à fin que fa¬"
                    HPOS="59"
                    VPOS="494"
                    WIDTH="859"
                    HEIGHT="46"
                    WC="0.9796707284303359"></String>
          </TextLine>
          <TextLine ID="eSc_line_5da3caeb"
                    TAGREFS="LT8"
                    BASELINE="57 550 531 552 917 561" 
                    HPOS="56"
                    VPOS="526"
                    WIDTH="861"
                    HEIGHT="45">
            <Shape><Polygon POINTS="57 550 56 561 192 563 193 563 227 558 251 564 252 564 253 564 254 564 265 559 287 564 290 564 291 564 296 564 339 560 399 564 400 564 421 560 485 566 486 566 487 566 496 562 559 562 586 567 587 567 588 567 603 563 610 567 611 567 612 567 613 567 648 564 697 569 705 570 916 571 917 561 917 539 847 541 839 538 828 534 827 534 826 534 809 537 806 538 800 537 775 534 774 534 744 537 725 539 716 536 699 532 698 532 697 532 671 536 659 538 651 536 634 531 633 531 632 531 538 535 502 536 497 535 482 529 481 529 350 528 350 528 297 533 286 534 283 533 275 529 274 529 274 529 238 532 228 533 226 532 211 527 210 527 210 527 209 527 194 532 193 533 140 533 135 531 111 526 111 526 57 530 57 550"/></Shape>
	    <String CONTENT="ciez comme ie vous ay faict. En verité, en verité ie vous dis, que le ſeruiteur"
                    HPOS="56"
                    VPOS="526"
                    WIDTH="861"
                    HEIGHT="45"></String>
          </TextLine>
          <TextLine ID="eSc_line_26f5313d"
                    TAGREFS="LT8"
                    BASELINE="58 581 500 582 917 590" 
                    HPOS="57"
                    VPOS="555"
                    WIDTH="860"
                    HEIGHT="47">
            <Shape><Polygon POINTS="58 581 57 589 160 594 161 594 162 594 163 594 169 590 171 589 181 591 211 595 212 595 213 595 227 591 232 589 235 591 244 595 245 595 245 595 279 591 283 591 285 591 299 596 300 596 301 597 333 597 333 596 333 596 342 592 345 590 383 590 386 592 394 596 395 596 396 596 432 593 438 592 439 593 448 598 449 598 450 598 450 598 491 593 501 592 504 593 521 599 522 599 523 599 524 599 536 593 537 593 597 593 600 593 615 599 616 599 617 599 666 593 671 593 672 594 681 600 682 600 683 600 684 600 763 596 838 602 839 602 916 595 917 590 916 571 866 566 865 566 805 570 801 570 790 563 789 563 789 563 788 563 754 570 742 570 679 570 678 569 664 561 663 561 662 561 632 564 598 560 597 560 526 567 522 567 508 559 507 559 506 559 468 564 438 558 371 558 370 558 336 564 309 558 309 558 308 558 307 558 280 564 280 564 276 564 179 556 178 556 126 563 115 555 114 555 113 555 112 555 58 562 58 581"/></Shape>
	    <String CONTENT="n’eſt point plus grand que ſon Seigneur, ne L’apoſtre, que celuy qui l&#x27;en¬"
                    HPOS="57"
                    VPOS="555"
                    WIDTH="860"
                    HEIGHT="47"
                    WC="0.9896384566216856"></String>
          </TextLine>
          <TextLine ID="eSc_line_478007a1"
                    TAGREFS="LT8"
                    BASELINE="57 610 529 613 917 622" 
                    HPOS="56"
                    VPOS="587"
                    WIDTH="861"
                    HEIGHT="53">
            <Shape><Polygon POINTS="57 610 56 620 79 627 80 627 81 628 112 628 112 627 113 627 124 622 130 619 140 622 149 625 150 625 151 625 181 623 196 622 200 623 218 629 219 629 220 629 221 629 236 624 249 621 263 625 270 627 271 627 272 627 284 626 320 621 339 627 342 628 343 628 344 628 350 627 386 622 408 626 409 626 547 623 562 632 569 636 570 636 571 636 706 638 707 639 727 639 727 638 728 638 732 636 750 627 786 635 787 635 830 627 846 635 847 635 847 635 862 633 915 640 917 622 916 601 843 593 842 593 841 593 830 599 807 594 806 594 761 599 743 593 742 593 742 593 677 598 674 598 673 598 654 593 654 593 653 593 652 593 637 598 635 598 632 598 612 591 611 591 548 590 547 590 546 590 532 594 493 589 492 589 461 595 460 595 458 595 413 588 412 588 356 593 341 587 340 587 339 587 339 587 325 593 305 589 304 589 254 593 252 593 238 587 237 587 236 587 200 592 57 591 57 610"/></Shape>
	    <String CONTENT="uoye. Si vous ſauez ces choſes, vous ſerez bienheureux, ſi vous les faictes."
                    HPOS="56"
                    VPOS="587"
                    WIDTH="861"
                    HEIGHT="53"></String>
          </TextLine>
          <TextLine ID="eSc_line_21f4602b"
                    TAGREFS="LT8"
                    BASELINE="59 642 175 640" 
                    HPOS="58"
                    VPOS="617"
                    WIDTH="117"
                    HEIGHT="39">
            <Shape><Polygon POINTS="59 642 59 651 87 656 88 656 89 656 101 650 102 650 106 650 164 654 165 654 166 654 167 654 175 649 175 640 172 624 116 625 100 620 93 617 92 617 91 617 58 617 59 642"/></Shape>
	    <String CONTENT="Iehan.13."
                    HPOS="58"
                    VPOS="617"
                    WIDTH="117"
                    HEIGHT="39"></String>
          </TextLine>
          <TextLine ID="eSc_line_0241ce09"
                    TAGREFS="LT8"
                    BASELINE="88 671 541 673 916 682" 
                    HPOS="87"
                    VPOS="642"
                    WIDTH="829"
                    HEIGHT="48">
            <Shape><Polygon POINTS="88 642 88 671 87 681 914 690 916 682 916 661 849 657 836 649 836 649 835 649 834 649 833 649 815 657 792 650 791 650 790 650 789 650 763 657 760 657 755 657 734 652 733 652 732 652 718 656 711 657 707 656 681 644 680 644 679 644 678 644 660 649 642 643 641 643 516 642 515 642 458 650 455 650 447 650 363 643 362 643 335 647 298 652 268 652 256 645 251 643 251 643 250 643 249 643 244 645 235 648 226 645 222 643 222 643 221 643 210 644 161 651 105 649 91 642 88 642"/></Shape>
	    <String CONTENT="Aprenez de moy, que ie ſuis debonnaire &amp; humble de cœur. Matthieu.11."
                    HPOS="87"
                    VPOS="642"
                    WIDTH="829"
                    HEIGHT="48"></String>
          </TextLine>
          <TextLine ID="eSc_line_3d2fc3dd"
                    TAGREFS="LT8"
                    BASELINE="86 702 724 704" 
                    HPOS="85"
                    VPOS="677"
                    WIDTH="639"
                    HEIGHT="40">
            <Shape><Polygon POINTS="85 709 99 715 99 715 100 716 194 716 194 715 195 715 196 715 201 711 210 715 211 715 212 715 213 715 214 715 220 710 221 710 223 710 254 715 255 715 280 711 286 710 304 711 382 716 383 716 384 716 393 712 395 711 403 712 432 715 433 715 463 712 476 711 485 713 512 717 513 717 555 713 567 712 575 713 593 716 594 716 595 716 607 714 613 712 637 712 641 714 646 717 647 717 648 717 648 717 724 714 724 704 724 686 653 686 650 685 637 680 637 680 636 680 635 680 634 680 628 685 626 686 618 685 584 680 583 680 538 683 519 685 510 683 492 679 491 679 491 679 476 682 466 685 398 681 362 680 361 680 352 680 327 685 302 680 291 678 290 678 289 678 284 680 272 684 246 679 238 678 237 678 221 679 169 682 126 678 125 678 124 678 111 684 87 677 86 702 85 709"/></Shape>
	    <String CONTENT="Ie ſuis au milieu de vous, comme celuy qui ſert. Luc.22."
                    HPOS="85"
                    VPOS="677"
                    WIDTH="639"
                    HEIGHT="40"
                    WC="0.9877325573137828"></String>
          </TextLine>
          <TextLine ID="eSc_line_1bac659e"
                    TAGREFS="LT8"
                    BASELINE="86 731 537 733 917 740" 
                    HPOS="85"
                    VPOS="707"
                    WIDTH="832"
                    HEIGHT="43">
            <Shape><Polygon POINTS="86 731 85 737 149 743 150 743 169 738 170 738 177 738 236 744 237 744 267 740 276 739 280 740 289 744 290 744 291 744 292 744 292 744 298 741 299 740 301 741 313 744 314 744 315 744 369 742 391 741 408 743 443 746 444 746 485 744 520 742 538 744 554 747 555 747 571 745 591 743 596 745 600 748 601 748 602 748 602 748 643 746 692 744 717 748 727 749 728 749 729 749 733 748 746 744 756 748 760 750 761 750 762 750 778 749 811 746 915 750 917 740 916 718 841 717 835 711 834 711 833 711 832 711 831 711 818 715 808 711 807 711 806 711 806 711 795 716 791 718 773 716 727 712 726 712 725 712 714 716 711 717 708 716 700 710 699 710 698 710 697 710 656 715 645 709 644 709 601 709 600 709 578 713 552 709 551 709 550 709 531 715 527 715 523 715 503 708 502 708 502 708 430 711 419 707 418 707 417 707 416 707 391 714 388 715 374 715 373 713 364 707 363 707 362 707 362 707 313 713 309 713 286 713 97 707 96 707 95 707 86 710 86 731"/></Shape>
	    <String CONTENT="Sentez en vous ce qui à eſté en Ieſus Chriſt, le quel, comme ainſi fut"
                    HPOS="85"
                    VPOS="707"
                    WIDTH="832"
                    HEIGHT="43"
                    WC="0.9838751157124838"></String>
          </TextLine>
          <TextLine ID="eSc_line_6d95c3f7"
                    TAGREFS="LT8"
                    BASELINE="62 760 581 764 916 771" 
                    HPOS="62"
                    VPOS="734"
                    WIDTH="854"
                    HEIGHT="47">
            <Shape><Polygon POINTS="62 760 62 772 396 771 454 776 455 776 613 773 625 779 625 779 626 779 627 779 670 779 670 779 671 779 699 774 740 779 742 779 742 779 743 779 777 776 786 780 787 780 788 780 914 781 916 771 915 748 797 743 796 743 795 743 784 746 782 747 778 746 759 742 758 742 757 742 746 746 742 747 732 746 693 741 692 741 596 745 558 746 538 744 481 738 480 738 437 744 428 744 425 744 409 738 409 738 408 738 349 743 338 744 327 743 263 736 263 736 198 742 192 742 187 742 142 736 141 736 140 736 120 741 110 734 109 734 108 734 107 734 62 740 62 760"/></Shape>
	    <String CONTENT="qu’il eſtoit en la forme de Dieu, il n’a point reputé larrecin eſtre eſgal à"
                    HPOS="62"
                    VPOS="734"
                    WIDTH="854"
                    HEIGHT="47"
                    WC="0.9880275199046502"></String>
          </TextLine>
          <TextLine ID="eSc_line_18f67fce"
                    TAGREFS="LT8"
                    BASELINE="60 791 495 793 917 801" 
                    HPOS="60"
                    VPOS="766"
                    WIDTH="857"
                    HEIGHT="45">
            <Shape><Polygon POINTS="60 791 60 802 284 801 292 805 292 805 293 805 294 805 309 805 596 804 603 808 604 808 605 808 606 808 613 808 678 805 690 809 691 809 692 809 693 809 697 809 737 806 915 811 917 801 915 774 838 779 729 773 728 773 695 778 612 772 611 772 610 772 609 772 600 777 535 777 520 770 519 770 518 770 515 770 461 775 445 769 444 769 444 769 443 769 442 769 428 774 392 769 391 769 289 772 281 768 280 768 280 768 279 768 275 768 229 773 210 767 209 767 208 767 207 767 200 767 131 772 60 766 60 791"/></Shape>
	    <String CONTENT="Dieu: mais il s’eſt aneanty ſoymeſmes, prenant la forme du ſeruiteur, faict"
                    HPOS="60"
                    VPOS="766"
                    WIDTH="857"
                    HEIGHT="45"
                    WC="0.9789014617602031"></String>
          </TextLine>
          <TextLine ID="eSc_line_d5b34a8d"
                    TAGREFS="LT8"
                    BASELINE="58 821 526 823 917 831" 
                    HPOS="58"
                    VPOS="796"
                    WIDTH="859"
                    HEIGHT="42">
            <Shape><Polygon POINTS="58 821 58 829 915 838 917 831 917 811 847 803 846 803 808 808 795 804 794 804 793 804 792 804 779 808 707 808 690 802 689 802 689 802 688 802 687 802 677 808 584 808 584 807 569 800 568 800 567 800 518 804 496 799 495 799 494 799 450 805 415 798 415 798 353 803 293 797 292 797 261 801 217 797 216 797 216 797 204 801 98 796 97 796 58 801 58 821"/></Shape>
	    <String CONTENT="en la ſimilitude des hommes, &amp; trouué en habit, comme homme. Il s’eſt humi"
                    HPOS="58"
                    VPOS="796"
                    WIDTH="859"
                    HEIGHT="42"></String>
          </TextLine>
          <TextLine ID="eSc_line_e3aa53f2"
                    TAGREFS="LT8"
                    BASELINE="59 850 916 861" 
                    HPOS="59"
                    VPOS="825"
                    WIDTH="857"
                    HEIGHT="53">
            <Shape><Polygon POINTS="59 850 59 868 188 863 204 870 210 872 211 872 280 873 280 873 281 873 287 871 298 866 327 872 345 874 346 874 366 872 375 871 401 872 453 875 454 875 455 875 456 875 459 872 465 869 521 873 570 877 571 877 595 874 634 869 700 869 734 875 735 875 772 870 807 871 817 876 819 878 820 878 821 878 822 878 828 876 841 873 914 877 916 861 914 835 844 840 664 838 631 832 625 831 625 831 615 832 560 837 540 831 537 830 537 830 536 830 530 831 488 836 477 830 475 829 474 829 473 829 444 829 346 832 341 828 340 827 339 827 339 827 338 827 321 828 277 831 272 827 270 826 269 826 268 826 268 826 256 827 203 832 183 826 180 826 179 826 178 826 177 826 175 826 165 832 132 832 121 826 118 825 117 825 116 825 59 825 59 850"/></Shape>
	    <String CONTENT="lié ſoy meſme, &amp; à eſté faict obedient, iuſques à la mort, voyre la mort de la"
                    HPOS="59"
                    VPOS="825"
                    WIDTH="857"
                    HEIGHT="53"
                    WC="0.9931134094552296"></String>
          </TextLine>
          <TextLine ID="eSc_line_8d0e0e23"
                    TAGREFS="LT8"
                    BASELINE="57 883 222 883" 
                    HPOS="57"
                    VPOS="859"
                    WIDTH="165"
                    HEIGHT="42">
            <Shape><Polygon POINTS="57 883 57 901 91 901 91 901 92 901 93 901 93 900 93 900 102 891 138 896 139 896 140 896 140 896 145 893 150 897 150 898 151 898 152 898 152 898 153 898 155 897 165 892 221 895 222 883 222 867 198 867 184 859 183 859 182 859 181 859 111 865 102 859 101 859 100 859 99 859 99 859 98 859 98 860 91 865 71 860 70 860 70 860 69 860 57 866 57 883"/></Shape>
	    <String CONTENT="croix. Phil. 2."
                    HPOS="57"
                    VPOS="859"
                    WIDTH="165"
                    HEIGHT="42"></String>
          </TextLine>
        </TextBlock>
        <TextBlock HPOS="755"
                   VPOS="893"
                   WIDTH="185"
                   HEIGHT="43"
                   ID="eSc_textblock_d245714d"
                   TAGREFS="BT17">
          <Shape><Polygon POINTS="755 893 755 931 940 936 940 898"/></Shape>
          <TextLine ID="eSc_line_58a59462"
                    TAGREFS="LT8"
                    BASELINE="765 918 933 921" 
                    HPOS="762"
                    VPOS="880"
                    WIDTH="170"
                    HEIGHT="48">
            <Shape><Polygon POINTS="763 917 762 926 930 928 932 920 932 881 909 881 908 881 907 881 905 881 904 883 885 896 856 896 844 887 836 880 835 880 834 880 832 880 763 892 763 917"/></Shape>
	    <String CONTENT="C Il"
                    HPOS="762"
                    VPOS="880"
                    WIDTH="170"
                    HEIGHT="48"></String>
          </TextLine>
        </TextBlock>
      </PrintSpace>
    </Page>
  </Layout>
</alto>
