988 1536
215 116 517 62 par les Roys ſont baiſez.

72 168 836 41 Il faut ſoubt peine de damnation, faire ce que le Pape dit & de neceſsité

45 204 861 39 de ſalut: & que toute humaine creature, ſoit ſubiecte au pontife de Rome,

45 232 861 42 lequel eſt chief de l’egliſe de Ieſus, duquel il eſt vicaire, ayant les deux glai¬

45 264 863 40 ues, le ſpirituel & temporel, qui doit iuger de tous & perſonne ne doit iu¬

46 295 860 38 ger de luy. Extra de maioritate & obedi. vnam ſanctam. La ou il dit que l’Egli¬

42 323 867 37 ſe n'a qu'vn chief, c’eſt Ieſus Chriſt: & il ſe dit eſtre chief, il faut, ou qu’il

40 353 864 42 ſoit Ieſus Chriſt, ou que l’Egliſe aye deux chief, ou ſi le Pape eſt chief, leſus

43 383 634 41 ne l’eſt point, & ſi Ieſus eſt chief, le Pape ne le peut eſtre.

73 412 834 41 Ilz ont adoré la beſte, diſant: Qui eſt ſemblable à la beſte, à laquelle à

43 444 863 39 eſté donnee gueule parlant grandz choſes & blaſphemes, laquelle blaſphe¬

45 479 862 34 me Dieu, & ſon nom, & ſon tabernacle, & ceux qui habitent au ciel, &

45 505 863 37 Iuy à eſté donné de batailler contre les ſainctz, & les vaincre, & tous ceux qui

46 534 860 39 habitent en la terre, l'ont adoré, deſquelz les noms ne ſont point eſcriptz au

47 564 859 36 liure de vie, & aucun ne pourra vendre n’acheter, s’il n’a la marque ou le nom

47 595 603 39 de la beſte, ou le nombre de ſon nom. Apocalipſe. 13.

76 623 830 41 Ceſte orguilleuſe faſſon de faire baiſer les piedz à prins le Pape des tyrans

47 655 859 36 de Perſe, comme l'on peut veoir es dialogues de Lucien in Nigrino, & fait men

47 686 860 39 tion de ce baiſemens en ces canons. De priuile. cleri. cum olim. & in. Clementi. de

46 716 352 39 ſenten. excommu. Si ſommus ponti.

77 744 830 39 Saint Pierre, vray ſeruiteur de Dieu, ne ſouffre point que Cornille ſe ie¬

48 773 859 44 cte à ſes piedz: mais luy commande qu’il ſe lieue, diſant, ie ſuis homme.

48 804 106 35 Acte.10.

76 832 834 44 Et Saint Paul, & Barnabas auſsi ne ſouffrent l’honneur qu’on leur veut

49 864 151 39 faire. Act.14.

77 894 835 39 Mais ces horribles, que diray-ie, pires que hommes qui iamais fuſſent, ſe

49 925 862 40 font adorer, meſmes des hautes puiſſances, de ceux qui ont le nom de Dieu.

51 954 99 35 Pſal.81.

80 982 831 41 O cecité, ô horrible idolatrie. Il y a ſept baiſiers du Pape: à la bouche,

53 1015 858 38 A la poictrine, à l’eſpaule, à la main, aux bras, aux genoux, aux piedz.

53 1044 858 44 Le diacre luy baiſe les piedz, auant qu’il liſe l’Euangile, & le ſoudiacre apres

53 1073 216 42 auoir leu l’Epiſtre.

84 1101 751 48 Les Putains le baiſent à la bouche. Et les autres auſsi qu’il aduient.

658 1131 264 60 C 2 Rendez
