988 1536
245 115 467 54 & toutes impoſitions.

77 161 828 44 Rendez à Ceſar, ce qui eſt à Ceſar, & à Dieu, ce qui eſt à Dieu.

46 197 162 38 Matthieu.22.

72 223 834 44 Soyez ſubiectz à toute humaine creature, pour Dieu, ſoit au Roy, comme

43 258 862 39 au plus excellent, ſoit aux ducz, comme aux enuoyez de par luy, pour faire

45 287 734 37 vengeance des malfaicteurs, & pour la louenge des bons.1. Pier.2.

73 316 831 41 Vous ſeruiteurs, ſoyez ſubiectz en toute crainte à voz ſeigneurs, non ſeule¬

44 349 706 36 ment aux bons & modeſtes mais auſsi aux difficiles.1. Pierre.2.

74 377 830 40 Va à la mer, & iette l’haim, & le poiſſon qui premier montera, prens le.

45 408 860 37 Et quand luy auras ouuert la gorge, tu trouueras vne ſtatere, prens la, & la

44 437 500 40 donne pour moy & pour toy. Matthieu. 7.

77 466 829 40 Toute ame ſoit ſubiecte aux puiſſances ſuperieures. Elle ne porte pas le

45 497 861 40 glaiue ſans cauſe. Rendez doncques à tous les choſes deues, à qui tribut, le tri

44 527 700 37 but, à qui crainte, la crainte, à qui honneur l’honneur. Rom.13.

68 555 837 44 Et à fin qu’on voye que le Pape & les ſiens, ne tiennent compte, ne de la

42 588 862 40 ſaincte eſcriture, ne de ce que parauant à eſté ordonné: mais pour ſon prou¬

43 616 860 39 fit il change tout, & ordonne tout au contraire. Il eſt eſcript que l’Egliſe

43 645 861 44 poſſede par le droict humain, lequel eſt des Empereurs, auſquelz il faut

43 674 861 46 obeir. diſt. 8.Quo iure. Celuy qui n’obeiſt aux loix des Empereurs, il acque¬

41 706 864 44 ſte vn grand torment. diſt. 9. imperatores. Ainſi eſt dit qu’il faut garder les loix

42 738 863 42 imperiales, aux affaires humains, & leur obeir. diſtin.10. de capitulis certum ve¬

41 765 864 46 ſtram. Les poſſeſsions de l’Egliſe payent tribut à l’Empereur. 11.q. 1. Si tri¬

42 797 863 40 butum. 23. q. 8. Tributnm. Vn grand & ſpecial enſeignement par lequel, les

43 831 860 39 Chreſtiens ſont apprins d’eſtre ſubiectz aux puiſſances ſouueraines, à fin que

44 858 858 40 perſonne ne penſe que la conſtitution du Roy terrien, doiue eſtre rompue.

44 885 860 46 Car ſi le Filz de Dieu, à payé la cenſe, qui es tu qui penſes qu’on ne la doiue

46 917 857 47 payer? 11.q.1. Magnum. Le ſeruiteur obeiſſe au Seigneur quand il ne comman¬

44 946 661 54 de choſe contraire, à la ſaincte Eſcripture.11.qõ.3. Si dominus.

690 974 228 65 C 3 Les
