994 1536
157 98 628 60 ſont francz par fulminations.

67 153 839 44 Les anciens nous enſeignent, que les laiz ſont ennemys aux clerz, ce que

39 187 869 39 nous voyons par experience: & pourtant nous deffendons à tous, ſoyent Em¬

39 217 867 40 pereurs, Roys, ou Barons, ou de quelque eſtat qu’ilz ſoyent, qu’ilz n’ayent à

37 246 870 41 exiger du clergé, ne des eccleſiaſtiques, ne tailles, ne impos, n’autre choſe

37 276 869 44 quelconque, ſoit en ſubſide, ayde, ou par don, ou en quelque maniere qu’il

37 308 869 41 ſoit, tant pour leurs perſonnes, que pour leurs biens acquis, ou qu’en apres

36 338 870 43 ilz acqueſteront, ſur la peine d’excommuniement, tant à ceux qui exigeront,

37 369 869 39 que aux clercz, qui payeront. De immunitate eccle. Clericis. & ca. Quia nonnulli.

35 395 867 47 lib. vj. Et il dit que les Empereurs, doiuent eſtre ſubiectz à luy, & non pas, luy

36 429 434 36 aux Empereurs, 96.diſtinc.Si imperator.

64 455 842 39 Ainſi le Pape à rompu le commandement de Dieu, par ſes canons & de¬

37 487 868 44 cretz: voyre auſsi deſtruiſant ſes decretz meſmes. Dont luy vient ceſte auda¬

36 519 870 43 ce, de vouloir exempter les ſiens, & ſoy faire iuge, voire de tous? veu qu’il

38 549 866 42 ne doit eſtre iuge, ne congnoiſſant d’aucun affaire des biens du monde.11.q.1.

38 579 865 43 Te quidem : mais ſes biens doiuent eſtre ſubiectz aux princes, & payer com¬

38 610 867 37 me les autres, comme Sainct Paul.Rom.13. eſcript à tous. Tout ame ſoit ſub¬

39 640 864 41 iecte. 23. q. 8. Tributum.11.q.1. Si tributum magnum. Et auſsi le prince à puiſſan¬

40 670 864 38 ce ſur les corps du Pape & des ſiens: car il eſt dit, le Roy doit refrener les

40 700 862 46 larrecins, punir les adulteres & les meſchans exterminer de la terre. 23.q.5.

41 732 116 35 Rex debet.

67 760 837 43 Or eſt le monde du tout aueuglé, vn poure homme qui du tout n’a rien,

39 791 864 42 charge d’enfans, vne poure vefue, payera groſſe taille, & ces putiers de pre¬

39 822 865 39 ſtres, ces gras moynes, nonnains toutes pollues, qui ont tant, qui n’en ſauent

40 853 864 40 que faire, mettant l’or ſur le boys, & les pierres, tant en ont, ſont francz, &

41 883 808 50 quelque mal qu’ilz facent ne ſeront reprins de la iuſtice: mais ſupportez.

813 913 93 41 Grand
