992 1536
307 116 351 62 donne gueriſon.

70 166 852 50 Grand multitude de peuple venoit pour l'ouyr, & pour eſtre gueris, de

41 203 878 45 leurs maladies, & ceux qui eſtoient vexez des eſpritz immondes, eſtoyent

42 232 875 47 gueris, & toute la multitude queroit le toucher: car vertu yſſoit de luy, & gue¬

40 263 255 39 riſſoit tous. Luc.6.

71 290 849 49 Ilz luy preſenterent pluſieurs demoniacles, & il ietta hors les eſpritz, par

41 324 880 44 la parolle & gueriſt tous les malades: a fin que fuſt accomply ce qui eſtoit dit

40 354 876 47 par le Prophete Eſaye: diſant. Iceluy a prins ſur ſoy noz infirmitez, & à porté

37 386 342 35 noz maladies. Matthieu.8.

63 413 858 45 Il gueriſt pluſieurs de leurs maladies & playes, & des mauuais eſpritz, &

38 448 880 39 rendit la veue à plufieurs aueugles: & leſus reſpondit & leur dit: Allez & di¬

40 477 874 42 ctes à Iehan ce que vous auez veu & ouy, les aueugles receoyuent la veue, &

39 506 874 44 les boyteux cheminent, les ladres ſont nettoyez, les ſourdz oyent, les mortz

38 537 872 47 ſont reſſuſcitez, & les paoures receoyuent le ioyeux meſſage de Leuangile.

40 568 82 42 Luc.7.

60 598 861 39 Il n’eſt autre mention par tout fors cõment le Sauueur à aydé aux paoures

37 628 886 39 malades incitant tous à leur bien faire, ayde, & ſecourir: & ſi à commande à

35 658 877 43 ſes Apoſtres, qu’ilz gueriſſent les malades ſans rien prẽdre, ne voulant qu’on

36 692 874 37 face mal à perſonne: mais meſmes à ceux qui nous font mal, que nous leur

38 721 872 39 rendons bien pour mal. Quand Iehan & lacques vouloyent que le feu de¬

37 750 874 40 ſcendit pour bruſler ceux qui auoyent fermé les portes contre Ieſus, pour¬

38 781 869 42 tant qu’il alloit en leruſalem, ne dit il pas qu’ilz ne ſauoyent de quel eſprit ilz

36 812 804 39 eſtoyent, & qu’il eſtoit venu pour ſauuer & non pour perdre? Luc.9.

67 843 854 38 Ainſi cõmande à Pierre, qui cache ſon couteau, & nous monſtrant exem¬

39 872 868 48 ple, il prie pour ſes ennemys, comme parauant il auoit guery Malchus. Luc.

38 907 76 38 22.23.

693 930 222 44 D Le
