984 1536
271 107 437 59 ſeſiouyt en occiſion.

82 163 843 40 Le Pape pour garder ſa maieſté faict iouſtes, & autres ieux ou pluſieurs

56 196 868 40 paourement meurent, car ſil eſtoit bening & pitoyable aux paoures & fami¬

52 225 873 39 lier aux brebis, il en ſeroit meſpriſe, comme il dit, pourtant que familiarité

52 255 872 41 engendre meſpris. distinc. 86. Quando. & la gloſſe dit, que ceſt enuers les folz,

51 285 874 41 comme ſont ſimples gens, leſquelz donnent grand argent, pour vn peu de

52 317 870 41 papier, ou de parchemin, que le Pape leur enuoye, gardans fort, ce qu’il com¬

52 346 869 43 mande & tremblans en ce qu’il defend. Regardez que ſon decret dit de luy,

52 377 871 42 & des ſiens qui viuent, ainſi que luy. Celuy qui nexerce office du regime, il

51 407 738 41 n’eſt point Eueſque, mais chien.11. qõ.3. Quinec distin.). Non oportet.

76 436 845 43 Ie ſuſciteray vn paſteur en la terre, qui ne viſitera point ce qui eſt ſeparé,

50 466 870 43 il ne cerchera ce qui eſt eſgaré, & ce qui eſt froiſſé, il ne le guerira point, &

50 499 869 42 & n’entretiendra point cela qui eſt ſain, & mangera la chair graſſe, & il de¬

49 529 430 39 ſtruira les vngles d’icelles. Zacha.11.

76 556 843 43 Conſiderez Chreſtiens, ceſte paillarde babylonicque, laquelle prend plai¬

50 587 869 42 ſir, que pour lamour d’elle, le ſang humain ſoit eſpandu qu’on ſe tue l'vn lau¬

50 620 867 42 tre,helas que peut il eſtimer ce que le bon paſteur, par ſon ſang à achepte: &

50 651 867 41 eſt contraire du tout à Ieſus Chriſt: comme vn larron ne vient ſinon pour

49 680 388 38 tuer, perdre & deſtruire. Ieh.10.

75 709 844 41 Ses decretz ne deffendent ilz, que les iouſtes ne ſoyent faictes? de torneamen¬

46 741 872 40 tis.c. felicis. Voyre le combat qui ſe faict pour ſoy purger, non ſeulement pour

49 772 869 37 plaiſir. de purga. vul. cura ſigniſicatum. Et non ſeulement ces ieux meurtriers:

48 802 871 37 mais la chaſſe luy eſt deffendue. distinc.34. Epiſcopum & auſsi toutes ces faſſons

49 832 868 37 de faire, tous ces ſpetacles, ieux, danſes, toutes voluptez, pompes,& vanitez.

47 861 871 40 Et les preſtres & eccleſiaſticques qui font au lieu, ou ſentence de mort eſt

48 892 869 37 donnee, ou en lieu auquel aucun autrement par ſentence eſt mis à mort, il eſt

47 922 871 41 irregulier, & faut qu’il foit rehabilite. distin 23.his. & distin. 34. presbyteri. & de

46 953 871 39 conſecra. distin.5. Non oportet. Mais qui ſont ſur la terre plus pompeux, plus a¬

48 983 871 46 donne à ieux, à forces, dances, bancquetz, & à tout ce que leur droictz meſ¬

48 1014 194 49 mes deffendent?

609 1040 317 51 D 2 Ieſus
