984 1536
269 122 388 58 en grand douleur.

64 178 838 43 Ieſus doncques, eſtoit laſſe du chemin. Iehan.4. Qui veut venir apres moy

35 210 870 39 renonce ſoy meſme, & porte ſa croix, & me ſuyue. Matthieu.16. Ilz prindrent

34 243 872 36 Ieſus, & le menerent dehors Et il portoit ſa croix, allant au lieu qui eſt nõme

36 272 869 40 Caluaire. Ieh.19. Veritablement il à porte noz langueurs, il à porte noz

34 301 873 41 douleurs,& nous l’auons eſtime frappe de Dieu, & humilie: combien que pour

36 333 870 40 noz tranſgreſſions, il ſoit naure, & pour noz iniquitez, il ſoit mollu & briſe,

34 364 803 36 noſtre peine eſt ſur luy, & par ſa baſture nous ſommes gueris. Eſa.53.

64 395 843 35 O paoure & miſerable monde, ſeras tu touſiours endormy, ne retourneras

36 424 872 39 tu point au Pere, plein de toute miſericorde, luy criant mercy de ta treſgrãde

35 454 873 40 ingratitude & meſcongnoiſſance, dauoir delaiſſe ton Sauueur, ſa parolle, ſes

34 485 873 40 ſainctes ordonnances pour recepuoir, & toy ſubmettre au meſchant larron,

37 516 871 37 & briguand Barrabas, qui tant ta faict de mal, & plus taſche de iour en iour

37 546 871 36 t’en faire, prins as ſes decretz & conſtitutions qui ſont charges importables,

35 574 873 40 receu as ces ceremonies & faſſons, qui ſont choſes damnables, laiſſe ce diable,

37 606 871 42 retourne à leſus, prens ſon ioug & ſa charge legiere, autre ne te plaiſe que

37 636 622 42 luy, & ce qu’il à ordonné, & tu auras repos en ton ame.

69 667 842 38 Bienheureux ſerez vous, quand les hommes vous auront eu en hayne, &

40 697 871 41 vous auront ſe parez, & vous auront faict iniures, & auront iette voſtre nom,

40 727 871 39 comme mauuais, à loccaſion du Filz de l’homme. Eſiouyſſez vous en ce iour

39 756 872 37 la, & ſoyez en exultation car voicy voſtre loyer eſt grand au ciel. Certes telles

39 788 874 38 choſes faiſoyent leurs peres aux prophetes Malheur ſur vous, quand tous les

38 819 876 41 hommes vous diront bienheureux: car ainſi faiſoyent leurs peres aux faux

41 848 239 42 prophetes. Luc.6.

69 874 845 44 Le diſciple n’eſt point par deſſus ſon maiſtre: ne le ſeruiteur par deſſus ſon

40 908 873 40 Seigneur. Il ſouffiſt au diſciple, qui ſoit comme ſon maiſtre, & au ſeruiteur,

43 937 871 38 d’eſtre comme ſon Seigneur. Silz ont appelle le Pere de famille Beelzebub,

44 968 871 43 combien plus ſes domeſticques? Mat.10. Courons par patience à la bataille

44 999 871 42 qui nous eſt propoſee, regardans à lauteur de la foy, & conſommateur, qui

45 1029 871 38 pour ioye à luy propoſee, endura la croix en deſpriſant confuſion, & eſt aſsis

46 1058 870 44 à la dextre du ſiege de Dieu. Mais penſez & repenſez, celuy qui à ſouffert

45 1090 869 47 telle contradiction des pecheurs, à lencontre de ſoy meſme, à fin que ne ſoyez

42 1122 560 53 ennuyez, deffaillans en voz courages. Ebr.12.

708 1152 219 55 D 3 Le
