984 1536
262 125 396 59 en grand honneur.

51 173 839 44 Le Pape eſt le chief & le gon des autres egliſes: car ainſi que la porte eſt

29 208 860 43 gouuernee par le gon, ainſi de ſon autorite, toutes les autres egliſes ſont gou¬

25 238 865 42 uernées. Il eſt appellé pere des peres, c’eſt adire vniuerſel: car il eſt prince ſur

24 270 866 40 toute l'egliſe, & eſt ſouuerain pontife: car il eſt ſur tous les pontifes, duquel

23 301 867 42 cõme de la teſte, iceux comme membres deſcendent, de la plenitude, duquel

23 331 868 43 tous prẽnent, leſquelz ilz appelle en partie de ſoing, non point à la plenitude

22 360 869 47 de puiſſance. Ceſtuy eſt Melchiſedec, duquel loffice n’eſt compare aux autres.

23 393 866 45 lib q̃ rationalis diuinorum officiorum.de ministris. le contraire eſt Ephe.4. Col.2.1.

23 420 867 46 Pier.5. Mat.23. Ieh.1. Ebr.5. O paſteur idole, delaiſſant le trouppeau, le glaiue

22 452 868 47 ſur le bras d’iceluy, ſur ſon œil dextre, ſon bras de ſeichereſſe, ſera ſec: & ſon

23 484 684 39 œil dextre de cecite, ſera obtenebre & obſcurcy. Zachar.11.

49 513 840 45 Ceſte idole ne ſe faict elle pas porter cõme le S. Prophete Hieremie recite

23 544 866 45 des idoles. Hier.10. & tãt ſeſleue, qu’il diſt n’eſtre point hõme: mais plus grãd

23 576 866 43 que tout homme, de electione.in. vj.c. fundamẽta. qu’on regarde la gloſe de ce

23 605 865 46 orgueilleux chapitre. Et auſsi la gloſſe du proeme des clemẽtines, qui cõmẽce

20 637 870 43 Ioanues, la ou il dit: papa eſt admirabile: papa ſuper mundi, &c. Qui maximarerum. nec

23 665 864 44 deus es nechomo. Si leſus eſt Dieu & homme, & le Pape n’eſt Dieu ne homme,

20 696 842 43 fil eſt donc du tout contraire à Ieſus, & vray Antechriſt, & vn droict diable.

46 726 842 45 Chreſtiens pour l’hõneur de Ieſus, regardez ce Pape, vray filz de perdition,

24 757 864 45 cõment il eſt imitateur de Ieſus portant perſecutiõs veu l’horrible peine qu’il

24 787 864 45 ordonne contre ceux qui font quelque choſe cõtre ſes cardinaux, ou legatz,

23 819 867 42 romme in vj.de penu.c.felicis recordationis. & auſsi. 17.q.4.Si quis ſuadẽte & ſem¬

26 846 861 45 blables, que ſont tant ſeulemẽt pour deffendre le Pape & lesſiens: à fin qu’ilz

26 880 861 44 n’ayent aucune croix en ce monde: mais que tous les adorent & leur ſeruent,

24 912 185 38 comme à Dieu.

54 936 836 48 Quand ceſte idole eſt portée, ſes baſtonniers vont deuant & crient, mettez

28 970 860 41 vous à genoux deuant le S. pere. pour auoir ſa benediction, c’eſt au ſigne de la

26 998 864 44 croix, qu’il faict de la main, comme ſi benedicere & benedictio, fuſt ſigner & non

27 1029 864 45 bien dire, & bien parler, en quoy les aſnes peuuẽt entendre la groſſe aſnerie

27 1058 866 46 du Pape, des Eueſques,& de tout le monde ainſi abuſe. Et ſi aucun ne ſe met à

27 1090 864 44 genouz, il ſera frappe, & ſil dit qu’il ne veut adorer la beſte, il ſera bruſlé. O

27 1122 863 41 Ieſus vray Filz de Dieu & vous tous Apoſtres Sainctz, pourquoy n’aues vous

29 1152 861 41 faict bruſler ceux qui tant de maux, vous ont dit voire faict. Helas vous fai¬

29 1181 861 42 ſiez prieres pour voz ennemys la ou le Pape & les ſiens font bruſler leurs

26 1212 868 46 amys, ceux qui pour lamour de Dieu & ſalut de tous monſtrent les abus &

31 1244 346 49 paouretez qui ſont ſur la terre.

852 1250 40 55 Le
