984 1536
355 113 227 52 la paſture.

62 168 841 43 Le doux Sauueur, en toute diligence, eſt allé de lieu en lieu, en tournant

34 204 868 37 villes & villages, & par tous lieux, enſeignant le peuple, voyre laiſſant le

34 232 868 40 boyre & le manger, comme tous les Euangeliſtes monſtrent, principale¬

34 261 868 41 ment Saint Matthieu. 4. 9. Saint Marc. 3. 6. Luc. 9. Diſant qu’il eſtoit

34 293 868 38 enuoyé pour preſcher l’Euangile, & n’a choſe commandé ſi eſtroicte¬

34 324 868 35 ment à ſes Apoſtres, que de preſcher l’Euangile, qui eſt la paſture des

33 354 869 41 ames, de laquelle il commandé à Saint Pierre, que autant qu’il l’ayme qu’il

35 384 408 40 donne paſture aux brebis.Iehan. 21.

62 414 839 40 Et n’a point de deſdaing le bon Ieſus de preſcher, & ne repute point

32 442 868 46 les paoures brebis eſtre contemptibles & à meſpriſer pour leſque les il eſt

34 475 866 44 mort: mais nous appelle ſes freres, diſant: ie annonceray ton nom à mes

31 504 159 42 freres. Ebr.2.

63 533 836 49 O canailles qui ne tenez compte du peuple: mais que de voz chiens & oy¬

34 564 865 47 ſeaux eſtes vous plus grand que Ieſus? O que la vengeance de Dieu ſera hor¬

34 595 863 50 rible ſur vous : puis qu’eſtes tous contraire à celuy qui dit.Ie ſuis le bon pa¬

34 628 650 41 ſteur, le bon paſteur donne ſa vie pour ſes brebis. Iehan.10.

62 656 675 45 Ma viande eſt que ie face la volonté de mon Pere. lehan. 4.

62 687 838 46 Il me faut auſsi Euangelizer aux autres citez le Royaume de Dieu:

34 718 867 44 car pour ce ſuis-ie enuoyé: & eſtoit preſchant aux ſynagogues de Gali¬

34 750 127 35 lee. Luc.4.

62 776 849 48 Qui ne exerce l’office qu’il à prins, n’eſt point Eueſque: mais chien im¬

36 810 865 43 pudique. 2. qõ. 7. Qui nec. Prenez garde à vous meſmes, qu’il n’aduienne

36 841 865 43 que voz cœurs ſoyent greuez de gourmandiſe & d’yurongnerie, & des ſou¬

34 867 868 44 cis de ceſte vie, & que ce iour la ſoudain ſuruienne ſur vous: car comme vn

34 897 867 56 lacz, il viendra ſur tous ceux qui ſont ſeandz ſur la face de toute la terre. Veil¬

34 932 484 48 lez donques, prians en tout temps. Luc.21.

745 965 155 53 E Le
