984 1536
285 117 355 58 de ſa pance cure.

67 168 769 39 Le larron ne vient, ſinon pour deſrober, tuer & deſtruyre. Iehan.10.

66 199 838 41 Et tel eſt le Pape preſent, lequel ſelon les droictz eſt vray Antechriſt, & in¬

38 232 869 38 uaſeur de la Chreſtienté, excommunie auec tous ſes fauteurs, pourtant que

40 262 866 40 par traffiquerie, & par argent il à eſté Pape. diſtin.23. In nomine domini. Lequel

40 291 865 41 auec ſes predeceſſeurs, n’a deſiré que effuſion de ſang: ſuſcitant toutes guer¬

38 323 868 37 res, qui ont eſté faictes, viuant en toute gourmandiſe, & horrible paillardiſe:

37 352 869 39 mais quant au preſchement de L’Euangile, qu’eſt le propre office de Saint

39 381 866 37 Pierre, & des Eueſques, il le deffend comme l’on voit, & parauant s’en eſtois

37 413 869 38 demis, le commettant aux autres.c. Inter cetera. De offic.iudi.ordi. Auquel chapi¬

37 443 869 37 tre il confeſſe que la parolle de Dieu eſt la nourriture, & vie de l’ame, & en

39 474 867 36 groſſe diligence doit eſtre annoncee, neantmoins par les occupations, ou par

37 504 867 38 ignorance, les Eueſques ne peuuent preſcher, touteſfois le preſtre eſt debteur

37 533 868 41 de librement preſcher la verité laquelle il a ouye de Dieu, mais les paſteurs

37 564 867 39 ſont maintenant ignorans en toute yurongnerie, comme dit Eſaye.56. Et ilz

36 595 867 39 ſeruent à leur ventre, non pas à Dieu. Rom.16. Et pourtant tous Eueſques ne

38 626 865 39 ſont pas Eueſques, regarde à Saint Pierre & conſidere Iudas. Rubrica. digni¬

36 657 400 38 tas non facit Episcopum: ſed vita.2.qõ.7.

65 686 837 39 Malediction à ceux qui ſont apres yurongner, ſe leuant du matin pour

39 716 864 39 boyre iuſques au ſoir bouillans en vin, qui auez en voz conuiues, harpes, lucz,

39 746 701 35 tabourins, fleutes,& ne penſez l’œuure du Seigneur. Eſaye.5.

59 774 844 42 Ceux icy pour le vin, ont perdu l’entendement, & pour l’yurongnerie fail¬

39 806 864 41 lent, & ſacrificateurs & prophetes, ſont errans par yurongnerie, enfonſez &

41 838 371 38 plongez dedans le vin. Eſaye.28.

70 862 834 46 Il eſt deffendu de donner les biens aux ioueurs. diſtin. 86. donare. de

39 896 864 40 iouer aux detz, & d’yurongner, ſoubz la peine d’eſtre depoſé, diſtin. 35.

39 930 864 38 Epiſcopus. Celuy qui eſt fornicateur, pariure, ou larron, doit eſtre depoſé.

38 958 867 41 diſtin. 81. preſbyter. Si quis Episcopus. Perſonne ne doit ouyr l’office d’vn qui

39 988 868 39 tient concubine. diſtin. 32. Nullus. & ce ſoubz peine d’excommuniement. Si

38 1018 866 49 aucun diacre ou preſtre à commis adultere: iamais il ne peut eſtre reparé, ne

40 1049 228 50 reſtitué à ſon office.

658 1079 251 55 E 2 L'ange
