984 1536
357 103 254 58 Ieſus eſt né.

58 157 852 44 L’Ange dit, ne craignez point car voicy ie vous euangelize grand ioye la¬

48 185 859 45 quelle ſera à tout le peuple, car auiourdhuy vous eſt né le Sauueur qui est

46 219 868 44 Chriſt en la cité de dauid: & ce, vous ſera ſigne, vous trouuerez l’enfant enue¬

46 249 869 44 loppé en petis draps & mis en la creſche. Et incontinent auec l’Ange fut vne

47 279 867 42 multitude de genſdarmerie celeſtielle, louans Dieu & diſans, Gloire ſoit à

46 311 699 44 Dieu, & en terre paix, & aux hommes bonne volonté. Luc.2.

69 339 846 40 L'Enfant nous eſt né. & le Filz nous eſt donné, l'Empire ſera ſur ſes

47 372 868 40 eſpaules, & appellera ſon nom admirable conſeiller. Dieu fort, Pere eter¬

47 401 868 44 nel, prince de paix, ſon empire multipliera & ſa paix ſera ſans fin, il ſera

49 431 867 47 aſsis au throſne de Dauid, lequel il confermera par equité & iuſtice eternel¬

49 466 177 40 lement. Eſa.9.

77 487 840 48 Quand l’accompliſſement du temps fuſt venu, Dieu enuoya ſon filz, faict

49 523 868 43 de la femme, faict ſoubz la loy: à fin qu’il rachetaſt ceux qui eſtoyent ſoubz la

50 554 630 44 loy, à celle fin que receuſsions ladoption des filz. Gal.4.

76 581 841 45 Il n’a point en aucun lieu prins les Anges, mais à prins la ſemence d’Abra¬

51 614 867 41 ham. Parquoy il à fallu qu’il ayt eſté ſemblable par toutes choſes à ſes freres:

49 644 869 44 à ce qu’il fut faict miſericordieux & Eueſque fidele, enuers Dieu, à fin qu’il pu

48 674 869 46 rifiaſt les pechez du peuple. Car en ce en quoy il à ſouffert & à eſte tenté: il eſt

54 707 589 43 puiſſant auſsi de ayder ceux qui ſont tentez. Ebr.2.

81 734 837 47 Elle le repoſa en la creſche, à cauſe qu’il n’y auoit point de lieu pour eux en

51 768 229 39 I'hoſtellerie. Luc.2.

77 791 842 46 Les renardz ont des foſſes, & les oyſeaux du ciel des nidz : mais le filz de

51 825 868 46 I'homme n’a point, ou il repoſe ſon chief. Luc. 9. Il à eſté fait paoure pour

53 856 866 45 vous, comme ainſi ſoit qu’il fuſt riche: à fin que par ſa paoureté, vous fuſsiez

53 892 236 39 enrichis.2. Corin.8.

84 912 835 50 Voyez mes freres, en quelle paoureté, & humilité noſtre Seigneur, qui eſt

54 946 866 47 Roy des Roys, & le Seigneur des Seigneurs eſt né: ouurez pour Dieu les

55 976 864 48 yeux de voz eſpritz, & contemplez ce que l’Euangeliſte dit en peu de pa¬

54 1006 867 47 rolles: car comme ſerf & ſubiect aux princes, ſes parens ſont allez en Beth¬

55 1037 865 47 leem pour eſtre eſcritz auec les autres. Veu qu’il eſt Roy, ou eſt ſon palaix,

56 1068 864 47 ou ſont ſes eſcuyers? ou ſont les beaux draps de velours, de ſoyes, d’or, d’ar¬

58 1097 861 48 gent, comme nous voyons auiourdhuy que à le Pape & les ſiens, & les

56 1126 864 48 paoures de Ieſus Chriſt ſont tous nudz, Il eſt né au temps de paix, & à ſa

55 1156 865 58 natiuité, la paix à eſté annoncee. Mais tout eſt troublé par le Pape & ſes

53 1192 115 57 ſatellites.

654 1221 269 56 E 3 Malheur
