984 1536
240 97 452 63 à guerre eſt addonné.

65 147 837 54 Malheur à la terre, & à la mer, car le diable eſt deſcendu à vous, ayans gran

39 184 508 39 de ire, ſachant qu’il à peu de temps. Apoc.12.

67 211 835 47 Quand il eſt courrouce, il frappe le peuple de playe incurable en ſa fureur,

36 245 868 45 ſubiugant les gens, perſecutant cruellement. N’eſt ce point celuy qui à eſpou¬

36 276 869 42 uanté toute la terre? qui à du tout eſmeu les Royaumes? qui fait le monde

37 303 867 48 vn deſert? il à deſtruict les villes, & n’a point laſché les captifz. Tu as de¬

36 335 534 39 ſtruict ton pays, tu as tué ton peuple. Eſaye.14.

68 363 835 49 Ne penſez que ceſte guerre aye eſté faicte, & telle effuſion de ſang par

36 395 867 46 Iuille, Leon, & Clement, qui à auſsi trahy ſon pays, & ſa ville de Floren¬

36 427 866 42 ce, & de ſes ſemblables, certainement les hypocrites Papes, par leurs do¬

36 458 866 45 ctrines peruerſes, ont plus tué, que ceux icy du glaiue, eſquelz compete tout

37 484 866 50 ce qui eſt dit des faux prophetes & ſeducteurs, qui ſont appellez larrons &

38 517 482 40 meurtriers. Iehan.10. Iere.23. Ezech.13.34.

68 546 836 47 Et en leurs decretz eſt dit, ſi tu conſeille à ton frere mauuaiſes choſes, tu le

37 578 363 38 tue. de peniten. diſtin.1. Noli putare.

66 605 840 46 Oyons comme le Pape incite les gens à la guerre. Nous abſoluons tous

39 635 865 46 ſpirituelz, de tous ſermens qu’ilz ont iuré en leur prinſe, commandans que

38 669 864 44 non tant ſeulement du glaiue ſpirituel doiuent vſer, mais auſsi du temporel,

37 699 866 42 iuſques à ce qu’ilz ayent receu tous leurs biens temporelz. 15. q. 6. c. Auto¬

37 730 866 43 ritatem. Nous donnons le Royaume des cieux à tous ceux qui mourront en

37 761 865 40 ceſte bataille. 23.q.5. c. Omnium. & 23. q.8. Omni. Ainſi le Pape conferme

37 791 866 43 les cœurs, pour hardiment ſe venger & eſpandre le ſang humain, contre le

37 821 505 40 commandement de Dieu. Matth.5. Rom.12.

65 849 840 45 Et auſsi contre ſes decretz par leſquelz il à deffendu à tout Eueſque, qu’il

39 883 864 37 ne plaidoye point pour choſe tranſitoire, meſmes quand il ſeroit tire en cau¬

38 913 865 40 ſe. 12.q.1. Epiſcopus. Toute guerre auſsi leur eſt deffendue, & que pour eux,

40 944 863 41 perſonne ne prenne armes, & nul clerc ne doit auoir armes, ne les porter.23.q.

39 975 511 37 8. Cum à Iudeis. Non pila.Clerici.qui reprehenſibile.

65 1002 840 41 Conſiderez les horribles guerres & machinations, que les Papes ont fai¬

40 1035 864 39 ctes, & leur groſſe arrogance, comme celle de Boniface. 8. lequel par troys

41 1066 864 37 foys, requis de donner la couronne de l’Empire à Albert, dit qu’il n’en feroit

40 1094 862 50 rien, ayant le glaiue au couſté, auec le bauldrier d’armes, dit qu’il eſtoit Em¬

41 1125 426 56 pereur de Rome, & de tout le monde.

822 1156 83 42 Leuez
