984 1536
248 103 456 62 Ieſus doux & bening.

73 159 849 44 Leuez voz yeux à la vraye clarte & Lumiere: Ieſus, lequel faict ſon entree

47 191 874 42 en la cite rebelle, qui à reſiſté touſiours à verité, de laquelle Ieſus à voulu aſ¬

46 222 875 43 ſembler les enfans, comme la geline aſfemble ſes petis: & ne la point voulu.

46 253 829 35 Matth.23. Et pourtant Ieſus voyant la Cite, à plouré ſur icelle. Luc.19.

73 282 847 39 De ſi grande douceur & miſericorde, eſt le bon Sauueur. ne ceſſant & ne

47 313 874 43 delaiſſant de bien faire, voyre à ſes ennemys quelque iniure & quelque outra¬

51 343 869 42 ge qu’on luy aye faict, l’appellãt demoniacle Samaritain, faiſant les vertus en

48 372 582 39 la puiſſance de Beelzebub. Iehan.8. Matthieu 12.

75 402 846 43 En ceſte entree du treſgrand Roy, n’y eſt la groſſe cheualerie, en laquelle

47 435 873 38 ſont pluſieurs tuez, ne les grandes bandures, mais laſneſſe auec aucuns veſte¬

46 465 874 41 mens des Apoſtres. Les genſdarmes armez & braues triomphans, auec tous

46 495 873 40 inſtrumens de, muſicque, trompettes, tabourins, & gros bruit de lartillerie.

46 527 874 37 dequoy tout tremble, ne font point Icy: mais les paoures gens, & petitz, tou¬

47 555 873 43 chez du Sainct Eſprit chantent, louans Dieu, iectans leurs robbes à terre &

48 587 872 43 rompans rameaux de palme, & doliues, les iectãt à terre, les gros principaux

50 619 868 39 gouuerneurs de la ville, & gens ſauans pour haranguer, en offrant les clefz,

47 648 873 37 & toute la ville ne viennent audeuant, mais ſont marrys de l’honneur qu’on

46 676 875 44 faict à Ieſus, commandant qu’on ſe taiſe. Matthieu.21. Marc.11. Luc.19.

46 708 124 39 Iehan.1.2.

75 742 848 37 Regardez, ſi tout le contraire n’eſt trouue aux Papes, penſez ce que diſent

46 768 878 45 les parolles de Dieu. Voicy ton Roy vient à toy debonnaire, ſe ſeant ſur l’aſ¬

46 799 373 38 neſſe & l’aſnon. Matthieu.21.

73 829 852 39 Ainſi Ieſus eſt venu monté ſur vne aſneſſe emprontee paoure, doux, & be¬

46 866 877 35 ning non pas pour eſtre ſeruy: mais pour ſeruir. Matthieu.20. Non pas pour

48 892 874 46 perdre les ames, mais pour les ſauuer. Luc.9. Non pas pour iuger le monde,

47 925 456 53 mais pour ſauuer le monde. Iehan.12.

741 949 175 51 F Qui
