984 1536
308 121 344 58 ſur gros roucin.

75 168 841 49 Qui pourroit dire les pompes triumphes, gloire, & feſtins que lon faict au

46 206 869 41 Pape, quand il eſt coronne, quand il faict ſon entree en quelque ville, que de

44 237 870 38 cheuaux, que de mules quel nombre de Cardinaux, Eueſques, Archeueſques,

46 268 870 39 Abbez, protonotaires, officiers, courtiſans, vn chaſcũ taſche de faire plus qu’il

44 302 871 34 ne peut pour eſtre veu, & pour faire honneur à ce dieu de terre, lequel pour

42 326 872 39 eſtre du tout cõtraire à leſus, qui à eſté le dernier des hõmes, & le plus paoure,

42 359 873 36 eſt orgueilleuſement accouſtré ſur tous princes, empereurs, roys,& ſeigneurs:

43 388 871 39 & en plus groſſe boubance que perſonne qui ſoit ſur terre, & cõbien qu’il ne

42 419 873 40 ſoit par lire & fureur de Dieu, fors que pour tout perdre & gaſter, veu qu’il eſt

43 449 871 39 Ie filz de perdition, par lequel tout bien, iuſtice & vertu, eſt chafſee de la terre,

45 481 869 36 ne demandant que perdre ,piller, & deſtruire, neantmoins tout le monde le

45 509 869 37 recoit en treſgroſſe reuerence & honneur, loué de tous, cõme tresbiẽheureux,

44 540 867 40 treſſainct, combien qu’il ſoit le plus maudict & malheureux qui ſoit ſur terre,

44 570 868 40 tous taſchẽt luy donner gloire & louẽge de vertus, deſquelles il ne vit iamais

45 600 868 40 l’ombre, car autãt que leſus eſt loing d’eſtre demoniacle: & faiſant vertus par

45 629 866 41 Beelzebub, autant eſt loing le Pape du bien qu’on dit eſtre en luy Et s’il y à

44 662 867 39 quelque ville qui ne le receoiue, mon Dieu, quelles maledictions, quelz pour¬

44 692 869 41 chatz pour la deſtruire, & quand la voulonté du Pape par ſang, & par feu eſt

45 724 867 38 faicté ſur la ville, alors n’eſt queſtion de plourer: mais gros feux de ioyé, gros

45 753 867 39 triomphes & feſtins oyez qu’il dit. Les ſpirituelz & eccleſiaſticques, ſont tous

45 782 867 41 roys, comme ſignifie la teſte pelee en iceux, ilz ont ceſte tonſure de lordon¬

46 814 868 40 nance Romaine.12.q.1.Duo. Il nous eſt donné de cheuaucher comme Lem¬

47 843 866 44 pereur, lequel eſt noſtre laquect, tenant la bride de noſtre cheual, & tous ceux

46 875 866 39 qui ſont ſoubz nous, doiuent aller comme les nobles de la court de Lempe¬

46 902 865 45 reur: car toute gloire, honneur, & magnificence imperiale, tant en dignitez

47 936 865 41 qu’en offices, cheuaux, & habillemens nous eſt donnee auec toute Lempire

47 965 864 42 de occident diſt. 96. Constantinus Le Pape eſt ſur toutes gens & Royaumes.

47 995 866 44 Extrauag. Super gen. Voulez vous bouche plus plaine de blaſphemes, que dire

47 1024 865 44 tenir le lieu de Ieſus & de ſes Apoſtres, & auoir la domination ſur toute la

47 1055 861 44 terre, & appeller Lempereur ſon laquect. Ie croy que les princes ſont ſi folz,

47 1087 863 48 qu’ilz luy ſeruiront encore de macquereaux, & en tout ce qu’il luy plaira

46 1123 157 44 commander.

682 1136 237 62 F 2 Tous
