971 1536
233 116 469 58 aux Apoſtres deffend.

58 168 841 43 Tous les ſeruiteurs de Dieu, des le commencement ont eſté loing de toute

29 203 870 39 ambition & auarice: comme monſtre bien Moyſe, quand laſſemblee de Core,

28 235 872 39 Dathan, Abirom, & On, auſquelz les Papes ont ſuccedé, ſe leuans contre le¬

27 263 874 41 ſus comme iceux ſe leuerent contre Moyſe qui dit: Ie n'ay point prins l'aſne

29 294 655 43 d'aucun d'eux, & ne feiz iamais mal à vn d'eux. Num.16.

57 322 844 44 Ainſi parle le bon Samuel, diſant: parlez deuant Dieu, & ſon oinct, ſi i'ay

29 354 873 47 prins le beuf daucun, ne l’aſne, ne faict à aucun tort, ne violence, ne prins don

29 387 320 41 de main d’aucun. 1.Reg.12.

57 413 847 46 Qu'on liſe & regarde ſi aucũ des prophetes à eu iamais aucune ſeigneurie.

29 446 875 44 Le grand Sauueur à il faict ſon logis & demeure es groſſes citez, comme vn

30 475 873 44 prince: le plus il eſtoit par les deſertz & villages, & venant en Ieruſalem, fail¬

29 506 875 42 loit qu’il retourna manger en Bethanie: diſant, qu’il n’auoit point le droict &

30 536 875 41 ſeigneurie ſur le Royaume de Iuda, & ſur les villes: mais fuyant quand lon

30 564 875 46 vouloit le faire Roy. Iehan.6. Et confeſſant qu’il auoit icy moins que les

30 594 875 47 oyſeaux qui ont des nidz, & que les regnardz qui ont des foſſes: mais il n’a¬

32 625 872 49 uoint point pour repoſer ſa teſte. Luc.9. Et L’apoſtre dit, ie n’ay deſiré ne

33 656 870 43 l’or ne l’argent de perſonne, diſant que de ſes mains il à miniſtré à luy & à

33 686 872 49 ceux qui eſtoient auec luy. Act. 20. Ainſi noſtre Seigneur leſus appelle les

35 716 800 49 Apoſtres de la peſche, pour eſtre peſcheurs des hommes. Matthieu.4.

58 747 848 47 En quoy L’apoſtre trauaillant, viſitant ceux à qui il auoit preſche dit: Ie ne

37 778 843 46 demande point voz choſes ne voz biens mais ie vous demande. 2.Cor.12.

63 807 845 45 Grandement eſt deffendue auarice, qui eſt droicte idolatrie, ſur tout aux

35 839 873 45 miniſtres de la parolle, puis que rien n’auons apporté en ce monde, & rien

36 868 871 49 n’enporterons, nous doit ſouffir d’auoir noſtre nourriture, & veſtemens: car

37 900 518 45 la racine de tous maux eſt auarice. 1. Tim.6.

64 927 843 49 Et ainſi Ieſus commande, ne poſſedez, n’or n’argent, ne quelque pecune en

38 960 868 43 voz ceintures, ne beſace, pour la voye, ne deux robbes, ne ſouliers, ne verge.

38 989 865 50 Matrhieu.10. Pierre dit. Ie n’ay n’or n’argẽt: mais ce que i’ay, ie le te donné,

38 1019 748 49 au nom de Ieſus Chriſt de N’azareth, lieue roy & chemine. Act.3.

64 1050 843 42 Ou eſt donc maintenant le patrimoine de Sainct Pierre? veu encore que

38 1081 871 47 les canons meſmes deffendent aux eccleſiaſticques de n’auoir rien & de poſ¬

38 1110 872 50 ſeder quelque choſe.12.q.1.Clericus. Cui portio. Duo ſunt. De ce regardez L’au¬

39 1139 870 56 rent valle, de la donnation qu’on dit auoir eſté faicte par Conſtantin, à L’e¬

43 1181 185 48 gliſe Romaine.

717 1198 200 83 F 3 Bien
