984 1536
284 98 366 62 du monde prent.

51 146 856 49 Bien eſt accomply ce que noſtre Seigneur à dit, vous m'auez tourné le dos,

30 185 890 43 & ie me cacheray de vous, vous m'auez delaiſe, & ie feray que vous ſerez ſub¬

32 228 875 30 iectz à ceux qui vous deſtruiront. Le maudict & miserable monde, aymant

34 244 874 51 vanité, & haiſſant verité, reiectant celuy qui eſt venu au nom de ſon Pere, à

37 274 872 47 prins le Pape, qui eſt venu à ſon nom, ne demandant que ſon honneur &

39 300 743 55 gloire: & à iceluy à baillé toute ſeigneurie, puiſſance,& authorite,

62 332 845 46 Les princes ne ſont ilz point pour garder le pays, deffendre les bons, &

36 373 868 39 punir les mauuais? Or quelle deffence peuuent faire ces effeminez, tondus,

32 402 876 37 raſez, mitrez, cornuz. N'est il point tout clair que iamais gens ne garderent

34 431 875 38 moins leurs pays que les papistes, perſonne ne fut iamais ainsi perſecutant les

30 458 878 45 bons & deffendant les meſchans, que les papiſtes: car pour faire leur volonté,

29 490 879 39 il faut qu'ilz ayent toute meſchanceté de gens pour rauir filles femmes, pour

34 515 874 45 tuer, battre, frapper, rompre portes, entrer aux maiſons, faire leur plaiſir, &

38 545 870 48 faut que les miſerables Princes & Roys ſouffrent telle puantiſe de gens, auoir

38 576 870 49 ſeigneuries, iustices estre comme ilz diſent, temporelz ſeigneurs & ſpirituelz,

41 608 869 48 & en grandement blaſphemant Dieu, diſent qu'ilz tiennent la place de Ieſus

39 645 869 37 & de ſes Apoſtres, qui iamais n'eurẽt ville ne villette,ne la moindre iuriſditiõ

38 665 872 45 qui fut iamais ſur la terre: mais ont laiſſé aux Seigneurs & Roys leur ſeigneu¬

42 695 866 49 rie & royaume: regardez que le Pape à ordonné. Les Eueſques ne doiuent

41 734 869 46 pas eſtre inſtituez es petites places & villes, ne ſur petit peuple: à fin que le

42 757 876 50 nom de Eueſque, ne ſoit point vile: mais tant ſeulement es grandes citez, &

42 790 868 47 ſur groſſe multitude de peuple. dictin.80.c. Vrbes c.In illis.c. Epiſcove. Illud ſane.

42 820 871 45 c. Non debere. Nous ordonnons que toute ordonnance des preſtres & rece¬

43 849 871 52 ptions des ordres, qui eſt faicte ſans titre, duquel on ne peut ſouffiſamment

43 876 869 48 viure, quelle ſoit de nulle valeur.70.distin. c. Sanctorum. Demandons au Pape

43 906 870 54 quel tiltre à eu Ieſus ſouuerain Preſtre, Et ſes Apoſtres, vrays Eueſques, il faut

43 938 873 47 regarder les conditions que ſont.1.Tim.3.& ad.Tit.1. Et ainſi le peuple les doit

43 967 873 58 eſlire. Act. 1.6.& non pas le Pape ne autres. Il ſeroit plus duyſant que ces cor¬

44 997 873 62 nus fuſſent ramonneurs de cheminees, que d'eſtre ainſi meſchammẽt viuans

46 1044 258 40 & tenant tant de bien.

803 1056 115 49 Circonci
