984 1536
295 121 380 55 point ne s’arreſte.

73 168 840 43 Circonſion n'eſt rien, incirconciſion n'eſt rien: mais l’obſeruatiõ des com¬

46 205 868 34 mandemens de Dieu: mais la Foy ouurante par charité: mais nouuelle creatu

46 235 867 39 re.1.Cor.7. Gal.5. & 6. Mangez & beuuez ce qu’on vous preſente. Luc.10.

76 264 838 37 Nul ne vous iuge en viande, ou en breuuage, ou en partie du iour de la fe¬

46 295 868 36 ſte, ou du nouueau moys, ou des ſabbatz: qui ſont l'ombre des choſes qui e¬

46 324 868 38 ſtoyent aduenir, & le corps de Chriſt. Col. 2. Mangez de tout ce qui eſt mis

46 356 868 39 deuant vous.1. Cor.10. Toute creature de Dieu eſt bonne, & ne doit on

46 387 869 37 rien reiecter, qu’on prent en rendant graces. 1. Tim. 4. Cela qui entre par la

48 418 866 37 bouche, n’eſt point ce qui ſouille l’hõme: mais ce qui ſort de la bouche. Mat.15.

76 448 838 35 Le Royaume de Dieu ne viendra point en obſeruation, & ne diront point

46 477 868 40 voicy il eſt icy, ou il eſt la: car voicy le Royaume de Dieu eſt dedans vous. Luc.

47 508 867 39 17. La religion pure & immaculee enuers Dieu & le Pere, c’eſt viſiter les or¬

48 539 866 38 phelins, & les vefues en leurs afflictions, & ſoy garder ſans macule du monde

46 570 868 36 Iac.1. Aymer Dieu de tout ſon cœur:& ſon prochain, cõme ſoymeſme. Mat.

49 598 865 37 22. Laquelle choſe eſt plus grãde que toute offrande & ſacrifice. Marc.13. Car

49 630 865 35 la plenitude de la Loy, eſt dilection. Rom. 13. Le Royaume de Dieu, n'eſt

50 661 864 40 point viande ne breuuage, mais iuſtice, paix, & ioye au Saint Eſprit. Rom.14.

76 691 838 36 S’ilz ne gardent continence, qu’ilz ſe marient. 1. Cor.7. Ilz me ſeruent

47 721 868 38 en vain, gardant les commandemens des hommes. Mat.15. Ceux ſont hors

49 750 868 36 de la foy, qui deffendent le mariage, & d'vſer des viandes. 1. Tim.4. Il dit

49 781 868 40 des vefues, ſi aucune n’a le ſoing des ſiens, & principalemẽt des domeſtiques,

49 813 869 38 elle à renoncé la foy, & eſt pire que vne infidele, voulant que les ieunes ſoyent

51 843 865 38 mariees,& que ceux qui ont dequoy, nourriſſent leurs vefues, à fin que l’Egli¬

51 872 865 35 ſe n’en ſoit chargee, & que les vrayes vefues puiſſent eſtre entretenues.1. Ti.

54 901 864 40 5. Ie vous prie mes freres, par le nom de noſtre Seigneur Ieſus Chriſt, quo

52 934 865 35 vous diſiez tous vne meſme choſe: & qu’il n’y ayt point de ſectes entre vous: &

52 965 864 34 qu’on ne die point: Ie ſuis de Paul, & moy D’apollo, & moy de Pierre, & moy

52 992 867 36 de Chriſt. Chriſt eſt il diuiſe? Paul à il eſté crucifié pour vous? ou, auez vous

52 1023 867 40 eſté baptiſez au nom de Paul? 1.Cor.1. Il eſt tout clair que noſtre Seigneur

53 1055 866 38 veut que nous ayons tous vne meſme reigle, foy, loy, & bapteſme. Deuant que

53 1084 866 38 Ieſus vint entre les Iuifz, il y auoit tout plain de ſectes & diuerſes faſſons de

54 1115 866 35 viure,& de doctrine. Les philoſophes en auoyent encore plus: mais le Pape à

53 1144 866 37 ſurmonté tous ceux qui furent iamais: tellement que l’on ne ſauroit nommer

54 1173 865 41 les reigles & religions, eſquelle ſatan plainement regne, gardant que la veri¬

53 1204 634 45 té ne ſoit congneue, mais que tout erreur ſoit maintenu.

759 1219 171 71 G Le
