984 1536
202 99 558 61 ſeulement nous faict feſte.

71 156 846 45 Le Pape contre la ſaincte parolle de Dieu, laquelle ne permet qu’il y aye au¬

51 192 866 38 tre reigle, ne ordonnance que la ſienne, ne voulant qu’on y adiouſte ne qu’on

49 221 870 36 en oſte rien mais qu’on face ce qu'il cõmande ſeulement. Deut.4.12. Gal.1. Et

47 251 870 39 contre ſes decretz, il à ordonné toute ſuperſtition. Il eſt deffendu que enfans

49 281 866 40 n’ayent à laiſſer pere & mere, ſoubz l’ombre de religion, que aucune femme

49 312 865 39 pour religion, n’aye à coupper ſes cheueux comme font les nonnains, qu’on

48 342 866 41 ne meſpriſe le mariage ne celuy qui mange de la chair, que perſonne ne laiſſe

47 374 867 35 ſes enfans pour religiõ que nul ne prẽne habit pour ſaincteté. diſtin.30. Si quis

47 402 867 38 virorum. Nul chartreux, nul celeſtin, nul iacopin, nulle ſeur collete, nul des

46 435 867 37 enfumez minimes, ne autres moynes, iamais mãgeuſſent chair. de conſecra. diſt.

46 463 867 39 5.Carnen. Nulle perſonne n’oſe manger chair, œuf, fromage, ne choſe de laict,

46 493 868 42 depuis la quinquageſime iuſques à Paſques. diſt.4. Deniq. Nous voulons auſsi

46 523 867 44 qu’on ieune le mecredy, le vẽdredy, & ſamedy, auec les roueiſons. de conſe.diſt.3.

47 554 864 39 Sabbat. Ieiun. Rogat. & les veilles des Apoſtres auec les Aduentz. de obſeru. ieiu.

46 583 864 40 Concil. Nous donnons planiere remiſsion de tous pechez à tous ceux qui l'an¬

47 612 865 42 nee du Iubilé viendrõt à Rome, pour gaigner led. Iubilé. Sixtus.4. Quemadmo¬

47 644 865 41 dum. La religion du Pape eſt que chartreux, ou celeſtin ne ſeur collete iamais

47 674 865 41 ne ſorte, ne moyne ne nonnain ſans le congé de ſon ſuperieur, qu’ilz n’aydẽt

49 703 864 43 à perſonne: mais qu’ilz chargẽt tous, nõ ſeulement meſpriſant leur prochain:

47 734 866 41 mais deſobeiſſant à pere & mere, cõtreuenant à tout deuoir pour garder leurs

47 763 866 43 rigles. Ceux qui ont prins les ordres ne ſe mariẽt point, & s'ilz ſe mariẽt qu’ilz

47 795 868 43 ſoyent ſeparez.27.di.Preſbiteru. Le fils ou la fille que ſes parens en ſon enfance

48 826 867 42 ont mis au monaſtere ne peuuẽt ſortir ne ſe marier.20.q.1. Addidiſtis. Et ſi au¬

48 855 869 44 cũ ou aucune apres le veu de chaſteté ſe mariẽt qu’ilz ſoyẽt ſeparez. 27.q.1.Vt

48 885 870 40 lex. Nonobſtãt que au chapi.ſuyuãt. Nuptiarũ. Lequel eſt, beau, S. Auguſtin dit

51 916 866 44 que celuy peche, qui les ſepare, & qu’on ne les doit point ſeparer. Ainſi aucũs

51 944 865 45 entre les idolatres eſtoyẽt cõtrainctz par auarice de n'eſtre point mariés. Suet.

51 979 868 41 de viris illuſt.ca.1. Les Vierges de la deeſſe veſta, ne ſe pouuoyẽt marier, & de la

52 1006 870 47 punitiõ de celle qui auoit violé ſa virginité. Liſez Tit. Liuiũ.1.ab. vrb. cõd. & Aul.

52 1037 867 39 Gel. & vous cõgnoiſtrez que noſtre moynerie eſt prinſe la plus grand part des

52 1066 869 41 idolatres ꝗ auoyẽt groſſe diuerſité de dieux, & ſelõ les dieux les preſtres cõme

53 1096 869 47 on voit en la religiõ du Pape par leq̃l ſectes ſont approuuees, & tout ce qu’eſt

53 1126 871 49 des choſes externes, cõme robes, tõſures, ceremonies. Extra.Quiaquorũdã de ver

54 1158 866 45 bo ſigni.&. 21.q.4. Epiſcopi. Ceux qui ont apoſtaté de la foy prenãt autre rigle q̃

56 1188 868 55 celle de Ieſus ſõt appellés illuminateurs de la foy. Extra.detreuga & pace. Vices.

721 1216 211 49 G 2 Il
