981 1536
254 110 426 61 chaſſe tous vſuriers.

67 161 844 53 Il trouua au temple gens qui vendoyent bœufz, brebis, & colombes, & les

40 197 871 41 changeurs qui eſtoyent aſsis. Et apres qu’il eut fait comme vn fouet de petites

39 228 871 39 cordes, il les iecta tous hors du temple, & les brebis & les bœufz, & reſpandit

40 257 871 45 l'argent des changeurs, & r’enuerſa les tables. Et diſt à ceux qui vendoyent les

40 289 870 46 colombe: oſtez ces choſes d’icy, & ne faictes point la maiſon de mon pere la

41 319 324 37 maiſon de marché.Iehan.2.

70 348 840 44 Et quand il fut entré au temple, il commença à iecter hors les vendans &

42 380 869 41 achetans, & leur diſt, Il eſt eſcrit: Ma maiſon eſt maiſon d'oraiſon, & vous l’a¬

42 411 868 42 uez faite vne cauerne de meurtriers. Luc. 19. S’il eſt ainſi que noſtre Sei¬

45 442 865 39 gneur chaſſe ceux qui vendent & achetent en la maiſon materielle, en laquel¬

43 473 868 35 le ne faut point penſer que Dieu aye ſa demeure: car le treſhaut ne demeure

44 501 866 43 point es temples faitz de la main. Actes.7.& 17. Combiẽ plus veut il qne ceux

41 532 869 42 qui font marchandiſe en ſon Egliſe, qui eſt la congregation des Chreſtiens,

41 564 869 37 ſoyent chaſſez, & pourtant en l’adminiſtratiõ de ſes dons & graces, il deffend

40 593 869 38 toute telle trafficquerie, diſant: Vous l’auez receu pour neant, donnez le pour

40 625 869 38 neant. Matth.10. Ton argent ſoit auec toy en perdition, pource que tu as

40 653 870 41 eſtimé, que le don de Dieu ſoit donné pour argent. Act. 8. Quiconque

41 686 868 39 donc donne quelque choſe pour auoir don ou grace, tout luy vient en perdi¬

40 715 868 42 tion.Il eſt predict de telz marchans en Saint Pierre, diſant : Auſsi y a eu des

40 746 866 39 faux prophetes entre le peuple, comme il y aura entre vous des maiſtres men¬

40 777 868 37 ſongiers, qui introduiront ſectes de perdition, & nyeront le Dieu qui les à ra¬

40 806 870 38 chetez, amenans ſur eux meſmes, ſoudaine perdition. Et pluſieurs ſuyuront

41 837 866 40 leurs fornications, par leſquelz la voye de verité ſera blaſphemee, & en

41 867 865 40 auarice marchanderont de vous, par parolles feinctes: auſquelz: la condem¬

41 900 865 38 nation des long temps ne ceſſe point:& leur perdition ne ſommeille point.

43 928 864 40 2. Pierre. 2. Le paoure monde ſi n’eſtoit bien aueuglé, pourroit

44 957 864 37 bien congnoiſtre ces marchans, qui par tout ont fait des cauernes, leſquel¬

43 988 865 43 les ilz appellent egliſes: à fin que la, ſoubz l’ombre de religion, comme guet¬

43 1019 865 45 teurs de chemins & auenturiers, ils deſpouillent les paoures gens, les atten¬

43 1051 864 37 dans pour les ſeduire, non pas ſeulement aux biens, mais en l’ame, quant au

43 1077 864 50 lieu de les mener à Ieſus Chriſt, leur vendent leur fardee & rompue, marchan

42 1112 434 56 diſe, en toute ſuperſtition, & ydolatrie.

703 1130 212 68 G 3 Le
