984 1536
220 115 501 57 tout liure pour deniers:

64 161 843 52 Le filz de perdition, c'eſt l'Antechriſt, qui ſe ſied au tẽple de Dieu (es cœurs

39 199 865 42 des hommes) s’exaltant ſur Dieu & ſe monſtrant comme Dieu, comme Saint

40 229 864 40 Paul à predict. 2. Theſ.2 Car il a changé toute ordonnance diuine, comme

39 262 865 39 Daniel la dict, ſupprimant la ſaincte Eſcriture, vendant indulgences & remiſ¬

39 296 864 35 ſions, maintenant d’vne partie, maintenant de tous pechez: & auſsi diſpenſa¬

38 321 866 43 tions, par leſquelles il ſe glorifie, qu’il peut diſpenſer contre Dieu, ſon Euangi

36 352 866 41 le, & les Apoſtres, comme noutent ſes gloſſateur.34.diſtin.Lector & 15.q.6. Iu¬

36 384 868 39 ratos. Et extrauag De voto & voti redemp. per totum. Car il faict que le ſeruiteur ne

37 412 866 41 ſoit point tenu d’eſtre ſoubz ſon Seigneur: ainſi qu’il à iuré qu’eſt cõtre Saint

37 443 865 39 Pierre.1. Pier. 2. Et ſi change les veufz: ainſi qu’il veut, & veut que ce qu'il or¬

35 473 866 38 donne ſoit receu, comme de la bouche de Dieu. 19. diſtin. Si omnes. Il vend &

35 503 865 40 trafficque tout, il damne les ſauuez, & faict ſainctz les damnez, il maudict,

35 534 865 41 iuſques à la tierce & quarte generation, faiſant les choſes droictes ou tortues,

35 567 865 38 comme il veut, commandant que perſonne n’en parle, n’en doute. 17.q.4. Ne¬

33 594 867 41 mini. De peniten.diſtin.3. S.ex.perſona. Et par ſes liures, il cõdemne tous ceux qui

34 625 867 39 donnent & prennent quelque choſe pour graces, ordres, & telz cas anathema

34 656 866 39 danti. & recipienti, 1.q. 1. & qu’on ne doit rien receuoir pour les ordres, pour la

34 686 866 41 chreſme, pour le bateſme, baume, ſepulture, ou communion.1.q.1. Dictum eſt.ex

34 715 864 40 concil. Tuburienſi. Ne encores quand on les contraindroit de prendre. 13.q.2.

34 746 866 40 poſtquam pretio. Dont il eſt patent que les ſimoniacle, comme premiers & prin¬

32 776 867 36 cipaux heretiques doiuent eſtre reiectez & chaſſez de tous fideles.qõ. vlti. La

35 807 864 40 peruerſe hereſie de Macedonius, & de ceux qui alentour de luy ſont repu¬

36 836 862 41 gnantz au Saint Eſprit, eſt plus facile à endurer, que ſymonie. Car ces hereti¬

35 866 863 39 ques, par leurs reſueries, confeſſent le Saint Eſprit eſtre creature, & ſeruiteur

35 898 865 40 du Pere & du Filz: mais ces ſymoniacles font iceluy meſme Saint. Eſprit ſer¬

34 928 864 37 uiteur.1.q.1.c. Eos Gregorius in regiſtro. Puis qu’ainſi eſt, que auarice eſt ſeruitu¬

35 957 862 40 de des idoles, quiconque ne ſe garde d’icelle, en donnant les dignitez eccle¬

34 987 862 40 fiaſtiques, il ſera ſubiect vulgairement à la perdition d’infidelité, combien

34 1018 860 41 que ſemble tenir la foy, laquelle il meſpriſe. Beda in 2. episto. Petri. &. 2.qõ. 7.

35 1049 861 40 Secuti ſunt viam Balaam. Pluſieurs catholiques ayment tant le loyer d’ini¬

35 1078 859 40 quité, que les ſauans meſme ſont reprins des ignares, & les clercz des laiz.

36 1107 860 43 Car ilz corrompent la parolle de verité, pour l’amour de la pecune, & des

34 1140 859 40 deſirs temporelz. Ilz plongent & perdent leurs auditeurs, auſquelz ilz ne

34 1173 861 43 preſchent pas choſes ſalutaires, qui les corrigent: mais choſes pleines d’er¬

30 1200 311 74 reurs, qui leur complaiſent.

820 1232 77 59 Ilfaut
