975 1536
260 108 463 53 que ſoit noſtre treſor.

80 164 849 41 Il faut ſouſtenir les foibles, & auoir ſouuenance des parolles du Seigneur

52 197 878 41 Ieſus. Car il à dit : que c'eſt choſe plus benoiſte de donner, que de prendre.

53 229 877 40 Act. 20. Pourquoy d’autant qu’on eſt plus pres de Ieſus, d’autant eſt on plus

53 260 875 40 loing de toute auarice: cõme dit Sainct Paul. Ie n’ay point conuoité l’argent,

52 290 877 36 ne l'or, ou la robbe d’aucun: mais vous ſauez que ces mains icy, ont miniſtré à

52 320 874 39 mes neceſsitez, & à ceux qui ſont auec moy. Act.20. C'eſt vn grand gaing

54 350 875 38 que pieté, auec le cœur cõtent de ce qu’il à. Car nous n’auons rien apporte en

52 380 878 40 ce monde: il n’eſt à doubter que rien auſsi n’en pouons emporter. 1.Tim.6.

81 410 848 40 Malheur ſur vous, ô ſcribes & phariſiens, hypocrites, qui mangez les mai¬

52 440 876 38 ſons des vefues, ſoubz vmbre de longues oraiſons: pource vous receurez plus

54 471 462 41 grande condemnation. Matthieu. 23.

81 498 846 43 Faictes voz threſors au ciel, la ou ne la rouilleure, ne la tigne ne corrompẽt

52 532 875 35 riens, & la ou les larrons ne effouyſſent, & ne deſrobent point. Matthieu.6.

81 565 845 34 Ceux qui veulent eſtre riches tombent en tentation, & au lacz du diable:

52 590 873 42 & en pluſieurs deſirs inutiles & nuyſans, leſquelz plongent les hommes en

54 623 810 40 mort & en perdition, car la racine de tous maux eſt auarice.1. Tim.6.

74 651 851 39 Regardez mes freres en ce chapitre, cõment ſont touchez tous papiſticques,

53 682 872 39 qui ne penſent eſtre autre pieté que gaing, enſeignans autrement que Sainct

52 712 872 41 Paul audict chapitre n’enſeigne: & pourtant ſont appellez idolatres:car aua¬

51 746 874 37 rice eſt ſeruitude des idoles. Coloſ.3. Bienheureux & Sainct eſt celuy qui à

52 773 874 41 part en la premiere reſurrection. Ayoc. 20. Qu'on regarde ſi Ieſus à mon¬

52 802 873 38 ſtré, ne enſeigne à ſes A poſtres, aucune maniere de tirer argent des paoures

55 832 870 40 gens, ne ſi luy en à iamais tire, fors que de preſcher purement la parolle de

52 863 873 40 Dieu, ſans y rien meſler. Et au contraire eſt il poſsible de penſer aucune ma¬

52 893 872 37 niere, & faſſon de tirer argent du paoure peuple? fuſt il iamais bateleur qui

54 925 872 38 peut penſer tant de moyens, pour auoir argent, comme le Pape à controuué?

52 954 872 39 Il n’eſt ſoulier, corde, chauſſe, robbe, braye, pierre, ſaincture, bõnet, baſtõ, foin,

54 983 870 43 paille, os, chair, terre, boys, qui pourroit nombrer tout ce qui met au deuant,

56 1015 869 39 pour argent, & de tout tant qu’on veut: des cloux de Ieſus, tout en eſt plein:

54 1044 873 41 des circonciſions à Rome, il y en à, & au Puis, & en autres lieux: comme ſi

54 1074 873 47 pluſieurs fois. Ieſus auoit eſté circoncis, & auſsi à force ſuaires, & le monde eſt

55 1110 551 43 ſi beſte qu’il croit tout, & par tout donne argent.

731 1121 196 71 H Tout
