989 1536
352 129 289 55 lautre que or.

88 179 841 43 Tout ce que le Pape à peu prendre des Iuifz, de leurs faſſons de faire &

58 213 872 37 des idolatres, il à tout introduit à Legliſe pour piller le monde, diſant à ces

58 244 872 41 pilleurs qu’il enuoye. Donnez à voz ſubiectz encens, ſel, eau beniſtes, cendres,

58 275 874 39 cimitieres, ſons de cloches, chantz, benedictions, grandz agios, inclinations

58 305 872 38 merites, & ſatisfactions, à fin que vous ayez d’eux, vin, ble, huyle, cenſes, ren¬

59 335 871 39 tes, or, & argent, vẽdez os des ſainctz, reliques,& confrairies, queſtes par tout,

60 366 869 40 prenant tout ce que pourrez auoir, non pas par exaction toute deſcouuerte,

58 398 872 37 neantmoins contraignez les laiz, à vous donner ce qu’il ont de couſtume ain

59 427 871 38 ſi que nous auons cõmandé aux Eueſques. Ad aposto. de ſymonia. Voulons par

58 455 872 41 ainſi, que les choſes qu’il n’eſt pas licite qu’on demãde, quelles ſoyent payees,

59 487 871 38 & qu’on les receoyue: car il eſt honneſte qu’on receoyue, ce qu’il n’eſt pas

58 517 872 38 honneſte de demander. 18.diſt. De euligiis. &. e. Cum ex offi. de preſcrip. 12. q.2.

59 549 874 34 Charit. 13.q.2.queſt. &.1.q.2. Placuit. & .c. Quam pie. tellement que noſtre ſac ſoit

61 578 868 39 plain:car la court romaine, ne veut la brebis, ſans laine. Soyent excõmuniez,

60 607 869 44 comme infideles, & qui tuent les indigens, ceux qui ne payent les offrandes.

60 640 191 40 13.q.2. Qui oblat.

90 667 840 41 Le Pape & les ſiens ſi treſhorriblement preſent le monde, n’ayans cure que

60 698 870 39 de leur ventre, & de la bourſe, que meſmes leurs flateurs qui ne taſchent que

60 727 872 40 les mettre ſur tous, ſont contraintz les blaſmer. Qu'on regarde la gloſe. extra¬

59 758 874 39 uag de ſepulturis, ſuper cathedram.in verbo deputatos. Ilz ont trouue des inuentions

60 789 874 39 ſans nombre pour touſiours augmenter le gain auec la ſuperſtition, pourtans

61 819 872 39 chaſſes & autres reliques à l’immitatiõ des Iuifz, qui portoyent l’arche quand

61 849 872 41 ilz deuoyent batailler, & des idolatres, qui auec telle pompe portoyent leurs

61 876 588 44 dieux, comme il eſt facile à veoir en. Apuleius lib xi.

92 910 838 41 Ilz auoyent ainſi la couſtume d’allumer cierges: comme. Dionyſ. Halicar. &

62 942 418 39 Macrob. Satur. lib.i.c.vi. teſmoignent.

93 967 839 39 Des eaues luſtrales que nous appellons eaues beniſtes, & tant d'autres cere¬

62 999 868 40 monies, tout en eſt plain par les liures des infideles. Quid. in fastis. Apule.

63 1028 870 42 Macrob. &c. Dont le Pepe à emprunte ces ſuperſtitions & idolatries, par leſ¬

62 1058 868 44 quelles il pille le paoure mõde, & retire les cœurs du vray paſteur leſus Chriſt.

93 1090 840 40 Nul Eueſque, ou preſtre, ou diacre, qui diſpenſe le ſacrement de la com¬

63 1121 871 38 munion ne demande aucune cboſe. Car la grace n’eſt pas vendue, & nous

61 1149 873 44 ne donnons pas par pris la grace du Sainct Eſprit: autrement qu’il ſoit com¬

63 1180 871 61 me imitateur de la deception & fraude ſymoniacque.Ex ſexta ſynodo. 1.q.1. &c.

673 1209 264 53 H 2 Quand
