975 1536
246 116 438 59 brebis amiablement.

49 170 861 51 Quand il trouue la brebis perdue, il la met ſur ſes eſpaules, s’eſiouiſſant.

29 208 99 35 Luc.15.

52 229 858 45 Il vit grande multitude, & fuſt meu de pitie ſur eux:car ilz eſtoient comme

30 263 879 44 brebis, qui n’ont point de paſteur. Et commençea leur enſeigner pluſieurs

30 295 878 42 choſes. Et quand il eut prins les cinq pains, & les deux poiſſons, il eſleua ſes

35 325 874 41 yeux au ciel, & rendit graces, & rompit les pains, & les bailla à ſes diſciples:

32 354 877 44 affin qu’ilz les miſſent deuant iceux, & departit les deux poiſſons à tous. Et

31 385 569 40 ilz mangerent tous, & furent raſſaſiez. Marc.6.

58 413 852 44 Ie ſuis le bon paſteur, allant deuant mes brebis, leſquelles ie paiſt, mettant

32 446 878 46 mon ame pour elles, & ſi le loup vient, ie ne m’en fuys pas: car ie ne ſuis pas

31 477 280 37 mercenaire. lehan.10.

54 502 857 49 Nul n’a plus grande dilection que ceſte:quand ancun met ſon ame pour ſes

33 538 218 36 amys. Iehan.15.

64 561 843 47 Il donnera paſture à ſon troupeau, comme vn paſteur par fon bras, il a ſ¬

35 598 682 41 ſemblera les aigneaux & les portera en ſon ſein. Eſaie.40.

62 626 846 45 Le bon fauueur à ce inuite tous chargez, & trauaillez, pour venir à luy, &

34 658 347 41 eſtre ſoulagez. Matthieu.11.

62 685 815 44 Et tous qui ont ſoif, qu'ilz viennent à luy,& qu’ilz boyuent. Iehan.7.

61 719 848 39 Cecy ont ſuiuy les vrays diſciples de leſus Chriſt, non pas iudas qui eſtoit

35 748 873 38 larron, duquel ſont ſucceffeurs le Pape & les ſiens: mais Sainct Pierre & les

35 779 873 41 autres, auquel Ieſus dit. Pierre m’ayme tu. Auquel quand il eu reſpondu: Sei¬

38 810 871 39 gneur tu ſcais que ie tayme, leſus Chriſt dit: Paiſtz mes brebis: leſquelles il à

36 840 871 39 nourry de la parolle de Dieu, à quoy faire auſsi exhorte les autres: difant,

37 870 871 37 Nourriſſez le troupeu de Dieu, qui eſt entre vouz: pouruoyans, non point par

35 902 873 40 contraincte: mais volontairement non point deshonneſtement, appettant

37 936 868 35 gaing:maisvolontaire ment; non point comme ayant ſeigneurie ſur le clerge,

35 964 873 37 mais en ſorte que vous ſoyez l’exemplaire du troupeau. Et quand le prince

35 992 872 49 des paſteurs apparoiſtra, vous receurez la coronne incorruptible de gloire.

35 1024 122 59 1.Pierre.5.

703 1047 211 56 H 3 Le
