987 1536
295 104 368 67 treſcruellement.

68 168 848 42 Le Pape deffend aux queſteurs, qu’ilz n’oſent aller ça ne la, en tirant ſubti¬

41 201 875 38 lement l’or des gens, donnans pardons & remiſsions d’aucune partie des pe¬

41 231 875 40 chez, & aucunesfoys de tous, & de peine & de coulpe, ce que Dieu ſeul peut

41 267 875 33 faire (comme il dit)ſoy leuant,& mettant ſur Dieu: pourtant leur deffent, que

41 290 874 42 ſans ſes lettres & bulles ilz n’oſent ainſi faire ne auſsi eſtre admis. De penit. &

40 322 876 37 remiſ. in clementi.c. abuſionibus. Mais quand ilz ont acheptees les bulles du Pape,

41 350 876 38 alors eſt maudict tout homme qui les empeſche, ou qui parle contre. Nous

42 382 876 42 ordonnons que le vilain ( ceſt adire les gens qui gaignent leur vie) ſoit tant

44 412 874 41 aggraué de penſions, que la peine des exactions le contreigne ſe retourner à

43 442 875 39 Dieu. 23.q.7. Iam vero. Et pourtant nous voulons qu’on baille la. x. partie de

44 471 875 41 toutes choſes, ſoit bledz, grains, foin, fruitz, laines, peſcheries, molins ou à vẽt

44 502 875 41 ou à eaue, gaignages, & quelque choſe que ſoit legitimement acquéſtee, & de

45 533 875 42 toute marchãdiſe, voyre de vẽte de maiſons, chãps, vignes, fours, moulins, trou

46 562 873 43 peaux de beſtiail, ou quelque autre marchandiſe & auſsi des mouches à miel,

46 596 872 39 & de la chaſſe, & de la gendarmerie, ceſt adire des gaiges que lon prend, & de

45 623 874 43 ce que lon conqueſte, & de toute negotiation, & toute autre choſe, que de

46 654 875 41 tout de dix on en donne vn.c. Non eſt. Ex tranſmiſſa. A nobis. Pastoralis & in aliis

45 684 875 41 capit. de decim.& primi. & obla. Icy voyez Chreſtiens ces loups rauiſſans qui

45 715 874 37 viennent à nous ſoubz l’habit de brebis, comme ilz mettent ſur noz eſpaules,

44 744 875 42 fardeaux importables, leſquelz ilz ne touchent point d’vn doigt. Matth.23.

46 776 875 39 & 7. Dieu les maudict comme faux paſteurs deuorans les brebis, ne nourriſ¬

45 808 875 35 ſans que eux meſmes. Ierem.23. Exec.34. Afin qu’on cognoiſſe ces corbeaux,

45 834 876 42 le Pape & les ſiens, ſes decretz le manifeſtent qui diſent: Tout homme qui dit,

48 865 873 44 paix à vous, ne doibt eſtre ouy comme colombe. Les corbeaux ſont nourris

47 896 874 48 de mort, la columbe n’a point cecy: mais vit des fruictz de la terre, & ſa vie eſt

48 930 394 51 innocente: 2.queſt.7. Non omnis.

873 943 58 72 Et
