986 1536
119 129 729 62 en memoyre de ſa mort & paſsion.

56 179 859 48 Et quand fuſt l'heure, il ſe aſsiſt à table, & les douze Apoſtres auec luy.

47 211 870 43 Et dit. l’ay deſiré de deſir de manger ceſte paſque, ceſt a dire ce paſſage lai¬

48 245 866 40 gneau qui eſtoit memoire du paſſage, auec vous deuant que ie ſouffre: car ie

47 274 868 43 vous dy :que de ceſte heure ie ne le mangeray iuſques à ce qu’il ſoit accomply

44 305 871 43 au Royaume de Dieu: Et il print le calice, & rendit graces:& dit: Prenez & le

43 336 872 44 diſtribuez entre vous: car ie vous dis, que ie ne beuuray de la generation de la

46 360 869 52 vigne, iuſques à ce que le Royaume de Dieu vienne. Le Seigneur Ieſus en la

43 391 872 49 nuict, en laquelle il fut liuré, quand ilz mangeoyent, print le pain, & en ren¬

43 422 872 51 dant graces le rompit, & le donna aux diſciples:& dit. Prenez & mangez. Ce

45 455 869 44 eſt mon corps, qui pour vous eſt liuré, faictes ce en memoire de moy. Sem¬

46 484 868 45 blablement le calice apres qu’il eut ſouppe, lequel quand il eut prins, il rendit

45 516 865 44 graces & leur dõna, diſant:Beuuez de ceſtuy tous:& beurent d’iceluy tous,&

43 546 867 43 leur dit: Ceſtuy eſt mon ſang du nouueau teſtament, qui pour pluſieurs ſera

43 576 867 44 reſpandu en remiſsion des pechez. Ce calice eſt le nouueau teſtament en mon

43 607 867 44 ſang, qui ſera reſpandu pour vous. Faictes cecy toutesfois que le beuurez, en

44 637 865 46 memoyre de moy. Car toutes les foys que vous mangerez ce pain, & beuures

42 668 866 44 ce calice, vous annoncerez la mort du Seigneur iuſques à ce qu’il vienne.

43 698 864 43 Ieſus deuoit mourir pour la gent:& non, ſeulemenet pour la gent: mais afin

42 727 866 46 auſsi qu’il aſſemblaſt les filz de Dieu en vn, qui eſtoyẽt eſpars. Ie ne prie point

41 757 866 45 ſeulemẽt pour eux: mais auſsi pour ceux qui croyrõt en moy par leur parolle:

44 788 863 46 afin que tous ſoyent vn, ainſi que toy Pere es en moy, & moy en toy, que auſsi

44 819 862 43 en nous ilz ſoyent vn. Ie vous prie par le nom du Seigneur leſus Chriſt, que

43 849 863 43 vous diſiez tous vne meſme choſe, & qu’il n’y aye point de ſectes entre vous:

42 878 863 45 mais ſoyez parfaictz en vn meſme ſens, & en vne meſme ſentence. Certes

42 910 862 44 nous tous ſommes vn pain,& vn corps, tous qui participons d’vn pain & d’vn

43 940 860 43 calice. Il n'y à ne Iuif, ne payen, il n’y à ſerf ne franc, il, n’y à ne maſle ne fe¬

42 969 861 45 melle:vous tous certes eſtes vn en Ieſus Chriſt. Vous eſtes le corps de Chriſt,

42 1000 861 45 & membres de membre. Vous ne vous aſſemblez point enſſemble en mieux:

42 1031 862 45 mais en pis, il y à des diuiſions entre vous car vn chaſcun preuient à manger

41 1059 863 45 ſa cene, & l’vn à faim, & l’autre eſt yure. N’auez vous point maiſons pour mã¬

40 1093 862 43 ger & pour boyre? contemnez vous Legliſe de Dieu? quand vous venez en¬

41 1120 861 47 ſemble pour manger, attendez l’vn l’autre. L’homme eſprouue ſoymeſme,

43 1153 861 41 & ainſi mangeuſſe de ce pain & boyue de ce calice. Experimentez vous vous

41 1181 863 44 meſmes ſi vous eſtes en la foy, eſprouuez vousvous meſmes, ne congnoiſſez

42 1212 862 52 vous point vous meſmes que Ieſus Chriſt eſt en vous? ſi d’auenture n’eſtes

925 257 34 38 Lu

919 311 42 44 1.C

919 343 43 44 mat

919 373 43 37 mar

919 401 41 39 mat

920 433 41 43 mar

919 519 43 29 mat

919 550 44 36 mar

921 580 47 33 Luc

916 606 52 39 1.Cor

919 637 48 39 Luc

917 671 46 31 1. Co

917 698 47 35 mat.

915 729 46 34 mar.

916 759 46 36 mat.

919 794 43 27 mar.

918 814 44 41 mat.

916 842 48 37 1.Cor

917 878 48 35 Iehan

914 904 51 38 Iehan

915 943 50 29 1.Cor

915 975 51 28 1.Cor

915 998 47 38 Gal.

914 1033 52 31 1.Cor

909 1107 55 41 2.Cor

590 1245 315 47 I. reprouuez
