985 1536
266 126 477 58 Ieſus ſa Cene ordonne,

73 182 863 40 reprouuez. Si vous pardonnez aux hommes leurs pechez, voſtre pere vous

73 214 864 41 pardonnera,& ſi vous ne pardõnez aux hommes leurs pechez, voſtre pere ne

72 246 865 38 vous pardonnera voz pechez.Remettez & il vous ſera remis pourquoy leſus

69 273 864 41 nous à commandé de prier. Et nous remet noz offences, ainſi que nous re¬

69 304 866 41 mettons à ceux qui nous ont offenſe. Il eſt vn Dieu & vn mediateur de Dieu

69 334 866 39 & des hommes, l’homme Ieſus Chriſt, qui s’eſt dõné ſoymeſmes en redẽption

69 364 866 41 pour tous. Si aucun à peché, nous auõs vn aduocat enuers le Pere Ieſus Chriſt

70 396 862 41 le iuſte, & celuy eſt la propitiation pour noz pechez, & non ſeulement pour

69 426 867 39 noz pechez: mais auſsi pour ceux de tout le monde : Il n’y à point de ſalut en

71 453 865 42 aucun autre:car il n'y à autre nom donné aux hommes, auquel il nous faille

69 487 867 39 eſtre fauuez. Ie fuis la voye, la verité, & la vie: nul ne vient à mon Pere que par

69 514 864 42 moy. Iehan veoit leſus venir à luy, & dit:voicy l’agneau de Dieu, voicy celuy

68 545 866 37 qui oſte les pechez du monde. Tous ont peché, & ont beſoing de la gloira de

69 575 865 41 Dieu, iuſtifiez ſans deſerte par la grace d'iceluy, par la redemption laquelle eſt

69 605 865 39 en Ieſus Chriſt.lequel Dieu à mis deuant ſoy reconciliateur par le ſang d'ice¬

74 636 858 41 luy. Iuſtifiez par foy, auons paix à Dieu par noſtre Seigneur leſus Chriſt, par

69 667 865 42 lequel nous auons acces par foy en ceſte grace. Chriſt eſt mort pour nous,

71 696 862 41 pourquoy maintenant iuſtifiez en ſon ſang, ſerons deliurez de lyre par luy.

70 728 863 39 Nous auons eſté reconciliez à Dieu, par la mort de ſon Filz, pourquoy recon¬

69 756 863 38 ciliez, ſerõt ſauuez en la vie d’iceluy. Nous nous glorifiõs en Dieu par noſtre

74 785 857 41 Seigneur Ieſus Chriſt, par lequel nous ſommes reconciliez maintenant. Vous

74 812 857 43 eſtes faictz pres par le ſang de Chriſt:car il eſt noſtre paix, qui à faict tous les

69 846 863 38 deux en vn, par iceluy nous auõs acces tous deux en vn eſprit au Pere:ſon bon

69 876 866 39 plaiſir à eſté, qu’en luy toute plenitude habitaſt: & que par luy toutes choſes

69 907 866 40 fuſſent reconſiliees enuers luy, appaiſant par le ſang de ſa paſsion les choſes

70 934 863 40 qui ſont. Il eſtoit de cẽt que celuy pour lequel ſont toutes choſes, & par lequel

68 966 867 41 ſont toutes choſes, auoir amené beaucoup d'enfant à gloire, qu’il fut faict au¬

69 995 864 38 teur parfaict de leur ſalut par paſsiõ: a fin que par mort il deſtruyſiſt celuy qui

70 1025 865 41 auoit l'empire de mort: c’eſt adire, le diable. Il à fallu qu’il aye eſté ſemblable

73 1055 860 40 par toutes choſes à ſes freres à ce qu’il fut miſericordieux & ſouuerain Sacri¬

69 1086 869 42 ficateur fidele enuers Dieu, à fin qu’il purifiaſt les pechez du peuple. Car en

68 1116 868 41 ce qu’il à ſouffert & à eſté tenté il eſt puiſſant auſsi de ayder à ceux qui ſont

71 1143 864 44 tentez. Nous auons le grand ſouuerain Sacrificateur leſus Filz de Dieu, qui à

68 1179 869 38 penetré les cieux, tenons la confeſsion de noſtre eſperance: car nous n'auons

67 1206 871 51 point vn ſouuerain Sacrificateur, qui ne puiſſe auoir compaſsion de noz infir¬

39 202 26 44 6.

33 271 29 50 6.

33 311 29 39 6.

33 345 29 32 2.

28 368 34 45 ◊.2.

33 426 32 46 4.

30 477 31 41 14.

27 516 34 31 ◊.1.

33 546 22 34 .3.

29 632 36 56 ◊.5.

28 797 36 35 e.2.

26 819 38 48 ◊ſ.1.

29 929 33 68 ◊.2.

17 1148 39 51 ◊.4.

850 1239 98 53 mittez
