983 1536
390 75 178 68 Epiſtre.

39 460 224 234 L

102 124 756 68 A TOVS CEVX QVI

146 186 670 48 LIRONT GRACE, PAIX,

194 223 570 44 ET SALVT DE DIEV NO¬

255 258 447 41 ſtre Pere par noſtre Seigneur Ieſus, ſon

298 288 349 42 vray filz, qui ſoit habitant au

348 320 232 39 cœur d’vn chaſcun,

406 348 144 42 par le Saint

434 378 90 46 Eſprit.

470 413 34 26 *

261 460 656 43 E grand Soleil de Iuſtice noſtre Sauueur & Redempteur

263 488 655 43 Ieſus, eſt ſi treſclair & ſi reſplendiſſant qu’il n'y a ſi aueu¬

263 519 655 45 gle, qu’il ne voye bien la groſſe difference entre la clarte

261 552 656 40 Du Sauueur, & les groſſes tenebres du Pape, entre les Apo¬

261 581 657 39 ſtres & diſciples de Ieſus, & les preſtres, moynes, & tous

260 607 658 44 autres de l’eſtat papiſtique. Tellement qu'on tiendroit a

263 639 654 45 bon droict celuy ſot & fort depourueu de ſens, qui ſe tra¬

38 669 877 49 uailleroit, de monſtrer que leſus & les ſiens, n’ont point faict comme le Pape

38 698 876 46 & les ſiens. Neantmoins la charité de noſtre Seigneur contrainct de compa¬

38 729 878 48 rer leſus auec le Pape: non point pour affection mauuaiſe, ou par ire, maleuo¬

37 758 878 49 lence ne mal talent: comme noſtre Seigneur ſcait & cognoiſt, lequel par ſa

38 788 878 50 grande miſericorde vueille tous illuminer, tant le Pape que tous Eueſques,

39 820 878 49 preſtres, moynes, & tous ceux qui tiennent de leur part: à fin qu’ilz croyent &

39 849 878 48 ſuyuent la parolle de Dieu, eſtans ſains en foy & viuans tous purement. Car

38 878 880 47 ne deſirons que le ſalut d'vn chaſcun: & que tous viennent a la congnoiſſance

38 909 878 50 de verite, priãt tous qui ce liure liront, qu’ilz prient noſtre Seigneur pour tous,

40 937 875 50 de cœur & d’affection. Il eſt tout certain que tout le monde crie contre le Pa¬

41 967 877 51 pe & ſon egliſe, à cauſe des paouretez & ordures qui y ſont: & n’y a perſonne

40 1000 877 42 qui ne blaſme & condemne ce paoure & maudit eſtat, ou ouuertement de

40 1026 875 50 bouche, ou ſecretement en ſon cœur, & meſme le Pape & les fiens ſe congnoiſ¬

40 1058 874 47 ſent telz, qu’ilz ont honte d’eux meſmes, ne cerchant que ſe cacher, & aucu¬

40 1089 875 47 nement ſoy entretenir, par le moyen des Princes, & des officiers, qui ont puiſ¬

41 1117 875 48 ſance ſur les corps, tachans de deſtruire ceux qui monſtrent leur eſtat & à ce

42 1148 873 57 par tous moyens qu’il eſt poſſible de penſer trauaillent par legatz, meſſagiers,

648 1176 274 45 Aa dons
