980 1536
110 133 736 63 en memoyre de ſa mort & paſsion.

44 186 877 45 mitez: mais tenté en toutes choſes, par ſimilitude ſans peché. Allons donc au

44 219 872 43 throſne de ſa grace en fiance, à fin que nous obtenons miſericorde, & trou¬

43 248 867 42 uons grace en ayde conuenable. Chriſt ne s'eſt point clarifie ſoymeſmes, afin

43 280 867 40 qu’il fut faiſt ſouuerain Sacrificateur, mais celuy qui à parlé à luy. Tu es mon

42 310 876 43 filz, au iourdhuy ie t’ay engendré, comme auſsi en autre lieu il dit. Tu es Sa¬

41 341 876 41 crificateur eternellement ſelon l’ordre de Melchiſedec, lequel aux iours de ſa

42 371 876 39 chair, offrit prieres & ſupplications à celuy qui le pouuoit ſauuer de mort,

41 402 877 40 auec grand cry & larmes, & fut exaucé pour ſa reuerence. Et certes comme

41 433 878 43 ainſi fut, quil eſtoit filz de Dieu, il apprint obedience par les choſes qu’il ſouf¬

42 461 875 39 frit, & luy qui eſtoit tout parfaict; à eſté fait cauſe de ſalut eternel à tous ceux

43 492 875 43 qui luy obeiſſent, appellé de Dieu ſouuerain Sacrificateur, ſelon l’ordre de

43 524 872 39 Melchiſedec. Pluſieurs autres ont eſté faictz Sacrificateurs, pource que par la

43 556 872 41 mort eſtoyent empeſchez de demourer: mais ceſtuy pource qu’il demeure

42 584 873 38 eternellement; il à ſans fin l’office de Sacriflcateur, pourquoy il peut ſauuer

44 616 871 42 perpetuellement ceux qui s’approchẽt de Dieu par luy, viuant touſiours pour

42 645 873 38 interceder pour nous: car il eſtoit conuenable que nous euſsions vn tel ſou¬

41 674 875 40 uerain Sacrificateur, ſainct, innocẽt, ſans macule, ſeparé des pecheurs, & plus

42 705 873 42 haut que les cieux, lequel n’a point n’eceſsité: comme les ſouuerains Sacrifi¬

41 734 874 39 cateurs, offrit tous les iours ſacrifices, premierement pour les propres pechez,

44 766 871 44 puis apres pour ceux du peuple:car il la faict en ſoy offrant vne foys. Certes la

43 799 872 37 loy ordonne les hommes ſouuerains Sacrificateurs, qui ont infirmité:mais la

45 826 868 45 parolle du iurement, qui eſt apres la loy, ordonne le Filz parfaict eternelle¬

45 855 870 41 ment. Nous auons vn tel ſouuerain Sacrificateur, qui eſt afsis à la dextre du

45 885 870 44 ſiege de la maieſté, es cieux miniſtre des ſanctuaires, & du vray tabernacle,

43 919 872 42 Iequel Dieu à dreſſé, & non point l’homme. Sil eſtoit ſur la terre il ne ſeroit

43 948 867 45 point Sacriflcateur. Chriſt ſouuerain Sacrificateur des biẽs aduenir, eſt venu

43 975 867 45 en preſence par vn plus grand & plus parfaict tabernacle: non point de la

44 1006 871 48 main, c’eſt adire, non point de ceſte creation:& non point par ſang de boucz,

44 1037 871 45 ou de veaux, mais par ſon propre ſang eſt entré vne foys es ſanctuaires, & à

44 1068 871 46 trouue redemption eternelle. Car fi le fang des boucz, & toreaux, & la cen¬

44 1097 871 43 dre de la geniſſe eſparſe, ſainctifie les ſouillez pour la purification de la chair,

44 1128 871 47 combien plus fort le ſang de Chriſt?qui par le Sainct Eſprit s’eſt offert à Dieu

44 1158 871 48 ſoymeſme ſans macule, nettoyera noſtre conſcience des œuures mortes, pour

44 1189 871 43 ſeruir à Dieu viuant? Et pource il eſt mediateur du nouueau teſtament:a fin

47 1218 870 62 que moyennant la mort, ceux qui ſont appellez, receoyuent la promeſſe de

926 232 27 66 Eb

921 523 38 58 Eb◊

923 837 29 42 Eb

917 928 36 62 Eb◊

596 1249 328 48 I 2 l'Eternel
