972 1536
255 122 499 65 Ieſus ſa Cene ordonne,

61 179 876 47 I'Eternel heritage en la redẽptiõ des tranſgreſsions, leſquelles eſtoyent ſoubz

63 213 873 41 le premier teſtament, il eſt neceſſaire que la mort du teſtateur y entreuienne.

63 247 875 36 Car le teſtament eſt confermé en ceux qui ſont mortz, autrement ne vaut

63 279 875 36 riens encores, durant que celuy qui à faict le teſtament vit. Parquoy certes le

64 305 874 41 premier n’a point eſté dedié ſans ſang:car apres que le commandement de la

63 335 875 38 loy fut leu par Moyſe à tout le peuple, il print le ſang des veaux & boucz, auec

63 365 877 40 de leau & de la laine teincte en rouge, & de lyſope, & arrouſa le liure & tout

63 395 875 42 le peuple du ſang, ſemblablement le tabernacle & tous les vaiſſeaux qui y ſer¬

63 426 875 41 uoyent, & preſque toutes choſes ſelon la loy ſont nettoyees par ſang: & ſans

64 460 875 36 effuſion de ſang, il ne ſe faict point de remiſsion. Il eſt doncs neceſſaire que

63 484 875 43 les figures des choſes celeſtes fuſſent nettoyees par ces choſes: mais les choſes

61 517 878 42 celeſtes par meilleurs ſacrifices que n’eſtoyent iceux. Car leſus n’eſt point en¬

62 548 877 39 tré aux ſanctuaires faictz de mains, figures des vrays:mais au ciel meſmes, a¬

64 577 874 41 fin que maintenant il apparoiſſe pour nous deuant la face de Dieu, & non

65 607 873 38 point qui ſe offre ſouuentesfoys ſoymeſme, en la maniere que le ſouuerain

64 642 874 37 Sacrificateur, es ſanctuayres tous les ans, en autre ſang que le ſien, autrement

64 668 874 41 il luy eut fallu ſouuentesfoys ſouffrir depuis le commencement du monde.

64 699 873 40 Mais maintenant, en la conſummation des ſiecles, il eſt apparu vne foys par

65 728 872 40 ſon ſacrifice, pour la deſtruction de peché. Et ainſi qu’il eſt ordõné aux hom¬

66 759 871 40 mes de mourir vne foys, & apres ce, le iugement:ainſi auſsi Chriſt à eſté offert

69 788 867 44 vne foys pour abolir les pechez de pluſieurs. Chriſt reſſuſcité des morts ne

66 820 870 42 meurt iamais plus. Tout Sacrificateur aſsiſte tous les iours, adminiſtrant &

65 848 871 44 offrant meſmes ſacrifices, leſquelz ne peuuent oſter les pechez: car il eſt im¬

66 880 869 44 poſsible que les pechez ſoyent oſtez par le ſang des toreaux & des boucz.

67 910 869 43 Ces meſmes ſacrifices qu’ilz offrent tous les ans, ne peuuent parfaire ceux qui

64 940 870 42 approchẽt, autrement ilz euſſent ceſſé d’eſtre offers, pource que les ſacrifians,

63 971 872 41 nettoyez vne foys, n’auroyent plus aucun remors de peché: mais par iceux eſt

64 1000 872 44 faicte commemoration des pechez chaſcun an. Voicy ie viens, afin ſire Dieu

63 1034 872 40 que ie face ta volonté, il oſte le premier: afin qu’il eſtabliſſe le ſecond, par la¬

63 1061 873 45 quelle volonté nous ſommes ſanctifiez par loblation vne foys faicte du corps

64 1091 871 46 de Ieſus Chriſt. Ceſtuy offrant vn ſacrifice pour les pechez, eſt aſsis eternelle¬

62 1122 873 46 ment à la dextre de Dieu, du ſurplus attendant iuſques à ce que ſes ennemys

62 1152 873 44 ſoyent mis la ſcabelle de ſes piedz. Car par vne oblation il à parfaict eternel¬

59 1182 876 47 lement les ſanctifiez. Ie n’auray plus ſouuenance doreſnauãt de leurs pechez

62 1211 872 69 & de leurs iniquitez:& la ou il y à remiſsion d’icelles, il n’y à plus d’oblation

30 765 28 41 6.

30 799 28 40 10.

873 1257 62 44 pour
