978 1536
115 133 723 66 en memoyre de ſa mort & paſsion.

41 186 868 47 pour les pechez. Il ne nous eſt plus laiſſé ſacrifice pour les pechez. Sachãs que

43 221 865 44 vous eſtes rachetez de voſtre vaine conuerſation de la tradition de voz peres,

39 250 870 46 non point par choſes corruptibles, par or ou par argent:mais par le ſang pre¬

37 280 868 45 cieux de Chriſt qui eſt comme l’aigneau, incõtaminé & ſans macule. Le ſang

39 311 870 43 de ſon Filz leſus Chriſt, nous nettoye de tout pechez. Ieſus Chriſt qui eſt fide¬

37 344 871 42 le teſmoing, premier né des mortz,& Prince des Roys de la terre, lequel nous

40 371 868 44 à aymé, & nous à l’aue de noz pechez en ſon ſang, & nous à faict Roys & Sa¬

38 401 870 41 crificateurs à Dieu ſon Pere. Chriſt eſt chief de Legliſe:& iceluy eſt le ſauueur

40 430 868 47 de ſon corps. Chriſt à aymé ſon Egliſe:& s’eſt donné ſoy meſme pour elle: afin

40 462 867 44 qu’il la ſanctifiaſt, la nettoyãt par le lauement de l'eaue par la parolle de vie,

40 491 868 45 afin qu’il rendit à ſoy l’Egliſe glorieuſe, n’ayant quelque tache ou ride ou au¬

39 523 871 44 cune telle choſe: mais afin quelle ſoit ſaincte & ſans tache. Auoir faicte la pur¬

42 554 866 41 gation des pechez par ſoy meſme, eſt aſsis à la dextre de la maieſté, aux lieux

40 586 868 38 hautz, leſus dit. Ie ſuis le pain de vie, qui vient à moy, il n’aura point faim,&

40 616 868 38 qui croit en moy, il n’aura iamais ſoif. Tout homme qui voit le Filz & croit

40 645 866 42 en luy, à la vie eternelle: & ie le reſſuſciteray au dernier iour. Qui mange

38 676 868 38 ma chair, & boit mon ſang il à la vie eternelle, & ie le reſſuſciteray au dernier

39 707 868 43 iour. Qui croit en moy, il à la vie eternelle, Leſprit eſt qui viuifie, la chair ne

39 733 869 45 profite riens, les parolles, leſquelles vous ay dictes, ſont eſprit & vie. Si aucun

41 766 863 43 vous dit, icy eſt Chriſt, ou il eſt la, ne le croyez point, car faux Chriſtz s'elleue¬

41 799 864 41 ront, & faux Prophetes, & feront grandz ſignes & prodiges, tellement que

39 829 867 38 les eſleuz meſmes(s’il ſe peut faire) ſoyent induitz à erreur. Si donc ilz vous

40 862 866 39 diſent, voicy il eſt au deſert, n’y ſortez point, voicy il eſt es interieures parties

40 889 867 38 de la maiſon, ne le croyez point:car ainſi que leſclair ſort Dorient & apparoiſt

40 920 867 36 iuſques en occident,ainſi ſera l’aduenement du Filz de l’homme. Ieſus qui eſt

39 949 866 40 receu d’auec vous au ciel viendra auſsi comme vous l'aues veu aller au ciel.

38 977 870 44 Entretant que les temps de repos de la preſence du Seigneur Dieu viendront,

40 1012 866 40 & qu'il enuoyera Ieſus Chriſt, qui parauãt vous à eſté annoncé, lequel il faut

40 1042 865 39 que le ciel receoiue iuſques au temps de la reſtitution de toutes les choſes que

39 1071 866 40 le Seigneur Dieu à parlé par la bouche de ſes ſainctz Prophetes des le com¬

39 1104 867 35 mencement du ſiecle. Et apres que le Seigneur ſeſus eut parlé à eux, il fut re¬

39 1135 867 38 ceu au ciel, & ſe ſied à la dextre de Dieu. Si vous eſtes reſſuſcitez auec Chriſt:

39 1163 864 38 cerchez les choſes qui ſont d’enhaut, ou Chriſt eſt ſeand à la dextre de Dieu,

40 1195 862 38 penſez les choſes d’enhaut,& non les choſes qui ſont ſur la terre L’heure vient

40 1229 862 44 & des maintenant eſt, quand les vrays adorateurs adoreront le Pere en Eſprit

917 191 32 30 1.P

916 221 35 34 1.Ie

917 307 37 41 A

919 407 26 48 Ep◊

917 579 35 52 Eb◊

917 616 35 47 Ieh

912 752 42 35 Ma

912 782 42 35 Ma

916 835 37 43 Ma

913 989 41 40 Ac

918 1021 37 49 Ac

916 1081 38 55 Mar

917 1130 40 42 Coloſ

913 1204 46 40 Ieha

604 1255 304 46 I 3 & verité
