985 1536
265 133 494 60 Ieſus ſa Cene ordonne,

81 190 865 42 & verité:car le Pere quiert telz adorateurs, Dieu eſt Eſprit, & faut que ceux

80 223 495 40 qui l’adorent, l’adorent en Eſprit & verité.

106 250 841 42 Par cecy vn chacun vray Chreſtien peut entendre la pure, ſaincte & hon¬

78 282 871 38 norable & digne inſtitution de la ſaincte table de la ſaincte Cene de noſtre

79 312 868 40 Seigneur leſus, lequel il faut croire eſtre le plus parfaict puiſſant, bon & ſage

78 344 870 40 que tous tellement qu’il n’appartient à perſonne le corriger ne changer cho¬

79 376 869 36 ſe qu’il aye inſtitué & ordonné: & celuy qui preſume autrement ordonner &

80 405 868 40 faire, que Ieſus n’a commandé, il eſt vray Antechriſt, & comme tel ſentira &

81 435 867 39 portera amer iugement de damnation eternelle. Il ne faut douter, que les

80 466 868 39 ſainctz Euangeliſtes & Apoſtres, ne ſoyent vrays & fideles teſmoingz, qui

80 495 869 38 ont eſcript la pure verité: comme ilz s’accordent à vn meſmes ſens, combien

81 524 867 38 que les voix & parolles ſoyent differentes, car il ne faut penſer des ſainctes

78 556 871 37 Eſcriptures: comme font les enchanteurs de leurs enchantemẽs, ſi vne ſyllabe

79 586 870 38 eſtoit l’aiſſee, ou vn ſigne de croix, qui ne fuſt faict, que tout ne vaudroit riens.

81 618 869 36 Le tout eſt que tous ceux qui prennent d’vn meſme pain, ayent ſouuenance

81 648 869 38 de la mort & paſsion que leſus à porté pour nous, nous rachetãt & purgeant

82 678 868 35 par ſon ſang precieux:& auſsi tous d’vne foy & d'vn meſme vouloir, aymant

81 714 869 34 les vns les autres:comme Ieſus nous à aymez, ſoyons tous vn. Et ne faut venir

80 739 870 34 indignement à ceſte ſaincte table, cõme font tous ceux qui ne ſont incorpo¬

80 769 869 35 rez & incerez à Ieſus par viue foy, à quoy chaſcun doit regarder s’il à vraye

81 797 867 41 foy: car autre ne le peut ſauoir que celuy qui la, & ainſi il ſe doit prouuer ſoy

81 832 867 36 meſmes, non pas que vn autre le prouue, ne qu’il ſoit cerché, qu’en ſon cœur.

80 860 870 39 Il ne faut que perſonne ſoit meſpriſé, & que lon face & donne autrement la

80 890 869 37 table de noſtre Seigneur à vn que à l’autre mais à tous d’vne meſme ſorte, en

81 919 869 41 vn meſme temps, c’eſt qu’on attende l’vn l’autre, prenans tous d’vn meſme

81 950 868 38 pain, & d’vn meſme calice. Le pardon & abſolution des pechez, eſt par la foy

80 980 869 39 qu'on ha à Ieſus: au nom du quel l'on demande au pere pardon & remiſsion

79 1012 870 39 des pechez, pardonnant à tous: & ainſi nous eſt promis, & non autrement.

80 1041 870 39 Ieſus eſt le ſeul mediateur, & aduocat, & recõciliateur, & propitiation enuers

78 1070 873 42 le Pere, pour noz pechez, & autre n'y à. Ieſus à faict vn ſeul ſacrifice parfaict

79 1101 871 39 vne foys, lequel ſacrifice eſt tout autre que les ſacriſices de la loy, qui eſtoyent

79 1132 871 38 tous imparfaictz, qui ne pouuoyent oſter les pechez. Ieſus n'a point de ſucceſ¬

78 1166 872 38 ſeur:car il eſt touſiours viuant, & n’eſt empeſché par la mort d’exercer ſon of¬

80 1193 870 41 fice, comme eſtoyent les autres empeſchez, il eſt puiſſant à ſauuer eternelle¬

80 1227 872 52 ment, autre purgaroire ne faut imaginer que le ſeul ſang de leſus, qui eſt le

897 1254 55 54 ſeul
