978 1536
97 119 739 56 en memoyre de ſa mort & paſsion.

32 171 870 42 ſeul chief de Legliſe ſon eſpouſe, laquelle il nourriſt de ſoymeſme:car il eſt le

32 203 871 39 pain de vie, & ſa chair eſt donnee pour le ſalut du monde, de laquelle ſont re¬

32 236 871 41 fectionez & repeuz tous ceux qui parfaictement croyent que leſus eſt mort

33 267 870 38 pour noz pechez, & reſſuſcité pour noſtre iuſtification: car en croyant en le¬

30 295 873 39 ſus, ilz ont vie, & c’eſt manger la chair comme portent lez parolles de vie, qui

32 327 868 39 ſont Eſprit. Pourqnoy on ne regarde, & on ne ſe arreſte au pain ne au vin,

30 360 870 33 cerchant ça bas Ieſus: mais toute la penſee du fidele, tyre & monté la ſus ou

31 385 868 42 eſt le cor ps de Ieſus, iectãt tout ſon cœur à Dieu, ſans s’arreſter à choſe viſible,

32 418 867 36 ne à aucune ceremonie, n'a rien, fors que au ſeul Dieu, l’adorant en Eſprit

33 446 866 41 & verité, taſchant n’eſtre point ingrat à Dieu, de la miſericorde qu’il nous

60 477 809 41 à faicte: mais en luy rendant graces on aye continuelle ſouuenance de

89 507 755 43 la mort, & paſsion que Ieſus ſon Filz à porté pour nous, taſchant de

120 539 693 40 viuement exprimer leſus, en obeiſſant de cœur à Dieu, ne de¬

147 567 638 43 mandant que ſa gloire, & defaire ſa volonté, aydant &

175 599 581 42 ſecourant à ſon frere, tout ainſi qu’on voudroit que

209 629 515 41 on nous aydaſt ſuyuant la charité de leſus,

239 660 463 42 nous aymans l’vn l’autre, comme le Sei¬

272 688 398 44 gneur leſus nous à ayme, comme il

292 721 366 47 commande, requerant layde &

335 750 269 46 le S. Eſprit du Pere, par

347 778 235 41 lequel ſoit parfaict

389 813 162 40 en nous ſon

411 837 117 47 bon plai¬

447 869 44 45 ſir.

863 913 43 35 La
