978 1536
245 116 488 61 chief de toute abuſion.

47 173 880 41 La meſſe eſt controuuee, au lieu de la Cene de noſtre Seigneur, comme il ap¬

49 206 878 42 pert en ce qu’ilz appellẽt conſecration, ou ſont dictes ſecretement aucunes pa

47 236 879 41 rolles que noſtre Seigneur dit faiſant ſa Cene:comme,ce certes eſt mon corps.

44 264 877 44 Et il faut que la meſſe ſoit dicte en vn temple deſdié qu’on appelle Egliſe cõſa¬

44 298 877 42 cree, combien que Egliſe ſoit congregation & aſſemblee de gens, & faut auſsi

44 328 877 39 qu’on chante la meſſe ſur vn autel cõſacré, & eſt deffendu à tous fideles de fai

43 359 878 37 re chanter meſſes en leurs maiſons. Et en cecy ſe fait le Pape plus ſage que le¬

43 387 878 37 ſus, lequel à faict ſa Cene en vn cenacle, en vne ſale, ſur vne table, & auſsi que

43 418 878 37 les ſainctz Apoſtres, qui par les maiſons, ont rõpu le pain ſans autelz ne tẽples

48 448 873 39 conſacrez. Il eſt deffendu à tous laiz d’eſtre au lieu, ou ſont les ſacrificateurs,

46 480 875 35 c'eſt à dire ceux qui exercent l’office ſacerdotal, & les clercz, lequel lieu on ap¬

46 505 875 45 pelle presbyteré, & ce au tẽps de la meſſe, ou il dit que les hõneurs de ceux qui

44 540 877 41 ont l'office ſacerdotal, & des clercz, doiuent eſtre ſeparez des laiz. Et ce au cõ¬

46 568 875 40 traire de leſus qui eſt aſsis au milieu de ſes diſciples, voire cõme le ſeruiteur. Il

49 601 872 41 y à trois principaux differẽs en leurs meſſes, le preſtre, l’eueſque, & le Pape, leſ

48 632 873 36 quelz ont veſtemẽs diuers & diuerſes ceremonies, leſquelles ſeroit choſe fort

46 660 875 37 faſcheuſe à reciter, ceux qui ont tant de loyſir,regardãt les reſueries cõtenues

47 693 874 35 au liure nõmé Rationale diuinorum officiorum:& en celuy qu’on appellé Paſtorale.

46 720 875 41 Et a bon droit ſera lon eſtonné des ſingeries que ces gens font,& cõme l’on à

47 753 865 38 tant trouué de faſſons de faire, tant de beneiſſons des veſtemens,nappes ſer¬

49 780 859 43 uiettes, mouchoirs, corporaux vaiſſeaux de bois, de pierres, couuertures, leſ

47 808 866 47 quelles choſes le Pape cõmande, quand ſont preſque conſummees & gaſtees

49 844 864 36 qu’on ne les donne point aux gens laiz:mais qu'on les bruſlé aymant mieux

49 878 864 35 qu’on les deſtruiſe ſans proffit, que ſi lon les faiſoit ſeruir à quelque choſes,&

51 903 862 39 ſi on les dõnoit aux paoures. Il n’eſt loyſible à perſonne de toucher le pain a¬

48 934 865 42 pres la conſecration mais quand le peuple vient pour le receuoir, le preſtre le

49 965 864 38 met dedans la bouche d'vn chaſcun, le calice eſt à tous deffendu, fors a celuy

51 996 865 38 qui chãte meſſe, cõme il à eſte cõclud au cõcile tenu à Cõſtance enuirõ.1416.

50 1026 869 39 La ou il fut ordõné, que aux cõmunians on ne dõnaſt le ſacremẽt fors qu’en

50 1056 868 37 vne eſpece, en ne permettant ſinon que au ſeul chantant meſſe de receuoir les

51 1086 867 40 deux eſpeces, & ſur ce Iohannes hus, & Hieroſme de pragit furẽt bruſlez, pour¬

51 1117 867 39 tant qu’ilz ne vouloyent contentir aux Cardinaux, Eueſques, & Abbez, & ne

51 1148 868 38 ſe voulurent deſdire ne reuocquer de ce qu’ilz auoyent dict, & entre les autres

50 1181 868 35 choſes ilz diſoyent qu’on deuoit ainſi cõmuniquer au calice, comme au pain,

51 1209 868 47 veu que noſtre Seigneur expreſſement cõmande que tous en boyuent,diſant:

928 268 30 44 D◊

928 300 28 41 diſ

928 336 29 36 mi◊

928 364 30 40 ecc

928 398 29 37 Hi

928 431 30 32 Sic

928 458 30 39 no◊

928 488 29 31 vn◊

928 517 30 38 M◊

928 549 30 33 Lu

928 577 30 38 A

928 606 30 35 De

928 632 29 42 cra

926 669 27 35 2.ſ

928 696 26 36 dot

928 727 26 37 Lu

913 789 32 54 de

916 835 23 43 diſt

916 866 32 42 gna

919 899 34 34 tari

916 925 38 46 Ne◊

709 1236 211 52 K beuuez
