988 1536
270 109 467 62 chief de toute abuſion

68 166 873 45 beuuez de ceſtuy tous:& tous en beurẽt,comme recite Saint marc. Et noſtre

70 200 871 42 Seigneur ne dit point bayez ou ouurez la bouche, & gardez vous de toucher:

68 227 873 46 mais dit, prenez & mangez. Parquoy clerement eſt congneu, que celuy cõcile

70 261 871 40 eſt hereticque & reprouué de Dieu,irritant & mettant à neant le ſaint cõman

69 290 873 41 dement de Ieſus, pour leur meſchante concluſion & arreſt,& non ſeulemẽt le

70 322 871 36 commandemẽt de Dieu:mais leurs malheureux decretz, qui cõmande qu’on

72 352 871 37 prenne le pain & le calice entierement, ou qu’on s’abſtienne de tous deux. il

71 382 871 40 eſt dit que la meſſe eſt comme vn iugement, vne court, vne iuſtice. Le canõ eſt

71 412 872 40 l’action & le demainemẽt de la cauſe & du plait, l’oratoire & le pretoire l’au¬

70 446 872 34 diẽce, le lieu de iuſtice, Dieu eſt le iuge:le diable eſt l’accuſateur, les miniſtres,

69 471 875 41 ſont les teſmoingz: le ſacrificateur, c’eſt à dire celuy qui faict l'office lacerdo¬

69 506 876 38 tal, eſt l’aduocat & le deffenſeur, il eſt Moyſe, qui fait les allegations, pour la

71 534 874 40 cauſe du peuple, par ſon patrocine la fallace de l’accuſateur eſt cõfutee,noſtre

70 568 876 34 innocence demonſtree & abſolue, l’ire du iuge appaiſee & par miſericorde la

71 594 874 42 coulpe eſt remiſe: Cõferez ces parolles, à ce que noſtre Seigneur à dit de ſa Ce

68 626 877 39 ns cõmandant qu'elle fut faicte en ſa memoire, & nottez les motz que leſus à

70 656 873 39 dit des faux Chriſtz & verrez eſtre accõplis es preſtres du Pape, qui bien s’ap¬

73 691 873 32 pellent ſacerdetes, c’eſt à dire ſacrificateurs, car ilz ſont telz, & non presbyteri:

75 718 869 41 preſtres c'eſt à dire anciens comme ilz doiuẽt eſtre, ainſi que Saint Paul en à

75 748 866 36 eſcrit: L’office du vray Chriſt, c’eſt eſtre aduocat, interceſſeur pour le peuple,

75 776 869 39 & moyenneur entre Dieu & les hommes. Et tel eſt noſtre Seigneur Ieſus,qui à

76 811 867 36 prins noſtre cauſe & eſt noſtre patrocinateur, noſtre patron: nous ſommes en

76 839 868 37 ſa ſauue garde il à deſtruict, toute la puiſſance diabolique, nous faiſans inno¬

75 869 866 42 cens, oſtant l’obligé qui nous eſtoit contraire, faiſant la paix, par lequel grace

75 902 865 36 & verité nous eſt donnee. Et le chãteur de meſſe veut auoir tout cecy en iouãt

73 933 869 33 de paſſe paſſe, pourtant qu’il eſt bien deſguiſé auec ſon beguin, pour dormir

71 960 870 37 deux foys, avant la chemiſe ſur la robbe, tant ſont ingratz les papiſtes qu’ilz

71 989 870 39 n’ont hõte de dire & penſer,que le preſtre face ce que leſus ſeul à peu faire, &

71 1024 870 36 à parfaict par ſa mort & paſsion. Commẽt n’ont honte ces paoures pecheurs

69 1050 872 42 de ſoy mettre au lieu du Filz de Dieu, & ſoy appeller mediateurs de Dieu &

70 1082 870 36 des hommes, ainſi comme contiennent leurs oraiſons, que communemẽt ilz

69 1109 871 41 diſent deuant la meſſe, & cõme la meſſe auſsi donne à entendre,laquelle n’eſt

66 1142 873 41 que pour faire diuiſion & ſeparation: comme ſi nous n’eſtions tous freres ra¬

66 1171 875 43 chetez d’vn meſme pris, n’ayant, tous vn meſme acces au Pere: mais que les

66 1204 872 52 vns,comme treſdignes ſoyent pres & au deſſus,& les autres comme indignes

28 197 30 27 14.

25 220 33 36 26.

24 394 34 41 õſi¬

16 428 41 36 ◊.2.

27 458 25 34 eri

14 545 32 38 10.

17 579 30 34 ◊.

21 602 37 64 .4.

28 720 39 39 o. 3.

26 750 20 32 1.

26 775 35 39 .2.

26 806 35 36 8.

26 833 35 43 ◊o.2.

28 867 36 41 . 2.

32 899 32 39 . 2.

26 928 20 47 .

808 1244 128 40 & reiectez
