978 1536
241 129 471 64 chief de toute abuſion.

42 180 867 52 & reiectez, ſoyent loing, ne oſant approcher, ne faire la Cene comme les au¬

41 212 868 49 tres, laquelle choſe n’eſt que ſecte & diuiſion. Les preſtres ne prennent ilz cõ¬

40 243 870 50 tinuellemẽt le pain & le calice à part & ſeulz, faiſans cõtre l’ordõnance de no

38 274 871 47 ſtre Seigñr? pource ilz ne peuuẽt mãger la Cene de noſtre Seigneur, laquelle

39 303 868 50 doit eſtre prinſe & faicte de tous enſemble, s’ilz ne la font,& ſi ce n’eſt la Ce

37 333 870 50 ne de noſtre Seignr, de qui ſera elle? La probation du Pape eſt ſoy confeſſer de

38 364 868 49 tous les pechez qu’on à cõmis de pẽſee, de parolle & de faict, & les dire a ſon

39 395 863 50 propre curé, à tout le moins vne foys l’an,& accõplir ſa penitence: & apres la

36 425 866 46 cofeſsion & ſatisfaction puiſſent venir aux ſacremẽs & cõmunicquer. De la

38 455 863 47 probation de laq̃lle parle le S. Apoſtre n’eſt point de mẽtion: ne auſsi de aſſeu

36 486 862 49 rer les cõſciences, d’eſtre deliurees par foy, lequelle elles ont en leſus, par laq̃l

35 514 867 47 le les cœurs ſont purgez & nous ſommes iuſtifiez. Et qu’en pardonnant, l’on

36 546 866 47 aye pardon, de ce ne faict on aucune mention, fors qu'en faiſant dire tant de

33 573 869 50 meſſes, & qu’on faict tant de chãters,& qu’on gaigne tãt de pardõs & qu'on

36 607 869 47 prẽt des indulgẽces tãt de iubilez, & pleniere remiſsiõs de peine & de coulpe,

35 636 869 50 qu’on gaigne, en dõnant ce qne le Pape à cõſtitué en ſa bulle, cõbien que S.

35 666 872 50 Pierre les die maudictz, diſant à celuy qui offroit argẽt pour auoir le don de

33 698 870 45 Dieu, Ton argent ſoit auec toy en perdition, qui as pẽſe qu’on aye le don de

34 727 870 47 Dieu par argent. Et ainſi les hommes ſont tirez hors de la parolle de verité,&

32 759 871 46 menez hors du S. Euangile, pour ſoy fier aux choſes vaines & peſtilentes Et

34 788 871 49 pour plus clairemẽt veoir, q̃ la meſſe eſt pour mettre le preſtre du tout au lieu

31 819 878 48 de leſus, & faire leſus vain & ſuperflu, & tout ce qu’il à faict, ilz attribuent au

32 849 874 48 preſtre tout ce que appartiẽt ſeulement à Ieſus en quoy lon faict vn merueil¬

29 876 870 48 leux chãge. Car il eſt dit que à la voix du preſtre, le Ciel s’ouure en l’heure de

28 908 871 44 l'immolation (c'eſt au canon) en laquelle Chriſt, de rechief meurt, ſon corps

29 943 870 41 par tout eſt prins, & ſa chair pour le ſalut du mõde ſouffre, les cœurs des An¬

29 970 870 47 ges ſont preſens, & les choſes ſouueraines & tresbaſſes ſont affociees & con¬

26 1002 873 43 ioinctes, & eſt faict vne choſes des choſes viſibles & inuiſibles. En meſmes tẽps

28 1030 870 47 il eſt prins par le miſtere des Anges au Ciel pour eſtre conioinct au corps de

28 1061 871 44 Chriſt, & deuãt les yeux du Sacrificateur, il eſt veu en l’autel,& apres pluſieurs

28 1095 869 43 choſes dit, que noſtre ſalut eſt icy: & pourtãt que nous pechons tous les iours,

29 1122 870 47 par ce ſacremẽt nous auons remiſsiõ des pechez. Gratian dit, que ces parolles

29 1153 868 48 ſont de Gregoire en l’homelie de Paſques. Ie voudroye prier ces gens, qu’ilz

28 1184 874 46 nous diẽt quel paſſage, ilz ont de la ſaincte Eſcripture, que tous les iours leſus

27 1214 875 80 meure & ſouffre, & quil ſoit tous les iours ſacrifié,& immolé, qui vaut autãt

913 346 44 29 Ext

908 369 51 43 de pe

910 405 48 37 remi

915 434 45 37 Omn

912 466 48 30 viriu

909 491 50 38 ſexu

908 521 46 41 depe

917 552 43 38 Mu◊

907 581 49 42 plex.

913 705 43 48 Act

905 887 52 41 De c

906 916 52 42 diſti◊

906 948 52 46 Quid

906 980 51 42 ſi◊ ſan

905 1011 49 48 guis.

640 1248 268 53 K 2 à dire
