982 1536
175 119 638 57 Et le Pape la meſſe controuue,

60 162 868 53 à dire Car la choſe viuãte quãd elle eſt ſacrifiee elle eſt miſe à mort, cõme A¬

60 197 868 47 brahã vouloit faire de ſon filz Iſaac, lequel il vouloit ſacrifier, tirãt le couteau

61 232 868 45 pour le frapper. Et lephthé qui ſacrifia ſa fille,il la tua,& autremẽt ne trouue¬

59 261 870 42 rez ſacrifice auoir eſté faict de choſe viuãte, fors qu’en la tuãt & mortifiãt. Ie

60 292 870 48 ſay que aucuns dirõt que cecy eſt vn ſacrifice de louẽge & qu’ainſi derechef le

60 325 869 42 ſus eſt offert & meurt. Nous demandõs la parolle de Dieu qui die & nous mõ

62 354 867 45 ſtre cecy eſtre ſacrifice: car Ieſus n’a inſtitué ſa Cene qu’en memoire de ſoy &

63 384 868 44 autrement ne parle l’Eſcriture. Il n’eſt cõmandé d’offrir, ne de ſacrifier, ne de

61 414 869 45 faire tẽple ſacré, ne autel, telz veſtemẽtz, ne tãt de faſſons, fors que faire en la

63 444 871 46 memoire de Ieſus, annõcer la mort du Seigneur, iuſques à ce qu’il viẽne Quãt

64 476 866 41 eſt de l’ouuerture du Ciel à la voix du Sacrificateur, ie croy pluſtoſt que pour

63 506 868 45 les blaſphemes & horribles abominations que cõmettent les preſtres en leurs

64 536 867 44 meſſes, que le Ciel eſt tout clotz & fermé cõme monſtrẽt les treſgroſſes tene¬

64 565 868 46 bres,qui ont rẽply tout le mõde, par ſi groſſe ignorãce, tellemẽt que le peuple

63 597 870 43 ne fut iamais ainſi aueuglé, cõme il à eſté par le Pape & les ſiẽs. Des Anges qui

64 625 869 47 ſont ainſi preſens en telles bauldes, qui luy à dit ou la il leu?cõment le ſait il?

64 657 868 45 nous ſauons que les Anges ne peuuẽt eſtre par tout s’ilz ſont en aucũ tẽps en

64 689 869 38 vn lieu, en ce meſme ilz ne peuuẽt eſtre en vn autre. Si on faiſoit la Cene cõme

65 716 867 46 noſtre Seigneur l’a cõmãdé, q̃ tous ceux qui ſont d’vne aſſemblee n’en fiſſent

64 747 869 48 qu’vne, venãt tous enſemble, il y auroit quelque apparẽce. Maintenãt ou cha¬

64 779 870 42 cũ preſtre dit ſa meſſe, par tant de lieux ſur la terre, & en vn meſme tẽple en ſi

66 807 866 48 grãd nõbre que à bõ droit vn perſonnage faſché de regarder tãt d’eſleuatiõs

65 837 865 47 que les preſtres, chãtãs leurs meſſes faiſoyẽt, dit cecy eſt vne garaine de dieux,

66 869 867 44 pourtãt qu’on les voyoit ſortir & eſtre demenez des mains des preſtres, cõme

64 901 868 44 de counilz en vne garene. Qui pourra dire q̃ les Anges ſoyent en tãt de lieux.

65 930 868 46 Aucuns pour magnifier plus la dignité des preſtres, mettẽt en la meſſe, venir

64 960 869 44 toute la court celeſtielle, que Dieu & rous ſes Anges deſcendent du ciel auec

64 992 869 44 la vierge Marie & tous les ſaintz & ſaintes. Et qui fut iamais ſi ſubiect à pail¬

63 1021 870 44 lard, comme ſeroyent tous à la voix du putier preſtre. Mais pour vray il y à

64 1054 869 42 plus de raiſon, que les diables ſoyent preſens, pourtant que par l’inſtigation

63 1082 868 42 & vertu de Satan, la meſſe à eſté conſtituee, & la ſaincte Cene de noſtre Sei¬

62 1111 870 47 gneur abrogee & du tout oſtee. Pourquoy tant de croix ſont faictes (cõme ilz

62 1139 868 50 diſent à fin que la malignité diabolicque ſoit chaſſee en quoy l’on voit qu’ilz

62 1173 868 48 ne ſauẽt n’entẽdet ce qu’ilz diſent, car s’il y à tat d’Anges & Dieu y eſt ſi grã¬

62 1200 868 45 dement, & la choſe eſt ſi ſaincte (cõme ilz diſent) cõment peut le diable s’ap¬

61 1233 871 53 procher, qu’il le faille chaſſer par tãt de croix? En la ſaincte table de noſtre Sei¬

21 183 30 32 22.

19 207 32 65 11.

20 1109 36 49 di¬

23 1153 33 37 ffi¬

20 1182 36 39 bro

856 1273 74 45 gneur
