1005 1536
417 97 177 59 Epiſtre.

69 146 876 43 dons promeſſes, & autres voyes. Mais par cecy n’eſt congneue la racine du mal:

70 178 876 39 pourtant qu’on ne regarde que la vie du Pape & des ſiens: car la plus part des

68 208 878 42 hommes penſent que ſi le Pape & les ſiens viuoyent ſelon leur eſtat, ſelon leurs

66 238 879 40 reigles & decretz qu’ilz, ſeroyent gens de bien: & ſont en cecy grandement

65 267 881 42 abuſez. Car nonobſtant que la vie & le train du Pape ſoit treſpaoure, & fort

64 299 879 40 meſchant, beaucoup plus eſt ſa doctrine & ſes ordonnãces paoure, meſchante,

64 327 880 41 horrible, damnable, & deteſtable. Afin donc qu’on congnoiſſe l'eſtat du Pape

64 358 881 38 en ſoy, quel il eſt, quelles ſont ſes ordonnances, ſans faire mention des vies des

72 385 868 47 Papes comme des fardemens, enchantherie, & toute puantiſe de Pape Paul,

74 421 868 37 né D’alexandre, qui entre autres cas enormes couchoit auec ſa fille propre Lu¬

64 448 877 41 creſſe: de laquelle auoit la compaignie ſon frere le Duc de Valentinoys filz

62 478 881 42 dudict Alexandre, pourquoy lepitaphe de celle Lucreſſe cõtenoit quelle eſtoit

62 508 881 41 fille, femme, & belle fille de, Alexandre. Des meurtres & horribles effuſions

61 539 881 43 de fang de Iulle, auec ſon yurongnerie & execrable paillardiſe, ne de la gour¬

61 571 881 41 mandiſe, & vie deteſtable de Leon, ne des enchanteries, empoiſonnemens, tra¬

60 601 882 39 hiſons parricidres, & autres choſes plus que diabolicques de Clement ne fai¬

59 631 882 36 ſons mention. Mais mettrons Ieſus d'vn coſté vray Filz de Dieu, Chief & Sau¬

61 660 879 41 ueur vnicque de la ſaincte egliſe qu’il à faict & commandé. Et de l’autre le

62 694 879 39 Pape chief de l’egliſe Romaine & ſes decretz & ordonnances: à fin que les

63 722 878 40 conſciences craintiues (qui ont penſé la papaute eſtre de Dieu, & qui ont plus

61 751 879 41 tremblé pour les fulminations des Papes, & plus craint de paſſer les ordon¬

60 781 880 43 nances papales, que la loy de Dieu) ſoyent deliurees de ceſte tyrannie, & que

62 812 877 42 plainemẽt ſe retournet au vray Dieu, par noſtre Seigneur Ieſus, ſuyuant iceluy

60 842 880 41 ſeul, & s’arreſtant à ſa ſainte parolle, tellement que tout le monde deliuré de

60 872 880 41 I’erreur & abuſion Papiſtique, delaiſſant vanité, ſuyue la verité, retournant au

61 901 879 43 vray Dieu, qui a faict le ciel & la terre, l’adorant & ſeruant a luy ſeul, viuant

60 934 879 40 tous comme freres, en vraye charité, ſans tuer & meurtrir l’vn l’autre, comme

57 962 885 42 I'on à faict iuſques à preſent, eſpanchant le ſang innocent, perſecutant Ieſus en

56 994 885 41 ſes membres, par, feu glaiue, & autres tormentz, par faute de congnoiſtre le¬

56 1023 885 45 ſus & ſa parolle: & ce à l’inſtigation du Pape & des ſiens, pour maintenir ſes

55 1054 476 40 abominations & maudictes ordonnances.

80 1082 860 45 Dieu plain de toute bonté & miſericorde illumine tellement le cœur d'vn

53 1113 887 46 chaſcun, que tous voyent & congnoiſſent la verité, le chemin de vie, & de ſalut,

55 1144 886 42 & que tous le tiennẽt viuãt, tous ſainctemẽt en vne loy, foy, & Euangile de ve¬

54 1174 888 50 rité, en l’honneur & gloire du nom de Dieu, & edification l’vn de l’autre, tel¬

32 381 25 43 A

26 414 31 44 re.

846 1211 96 47 lement
