<?xml version="1.0" encoding="UTF-8"?>
<alto xmlns:xsi="http://www.w3.org/2001/XMLSchema-instance"
      xmlns="http://www.loc.gov/standards/alto/ns-v4#"
      xsi:schemaLocation="http://www.loc.gov/standards/alto/ns-v4# http://www.loc.gov/standards/alto/v4/alto-4-2.xsd">
  <Description>
    <MeasurementUnit>pixel</MeasurementUnit>
    <sourceImageInformation>
      <fileName>80_b2a07_default.jpg</fileName>
      <fileIdentifier>https://luna.manchester.ac.uk/luna/servlet/iiif/Manchester~91~1~425957~192597page80/full/full/0/default.jpg</fileIdentifier>
    </sourceImageInformation>
  </Description>
  <Tags>
    <OtherTag ID="BT8" LABEL="DamageZone" DESCRIPTION="block type DamageZone"/><OtherTag ID="BT10" LABEL="DropCapitalZone" DESCRIPTION="block type DropCapitalZone"/><OtherTag ID="BT11" LABEL="GraphicZone" DESCRIPTION="block type GraphicZone"/><OtherTag ID="BT12" LABEL="MainZone" DESCRIPTION="block type MainZone"/><OtherTag ID="BT13" LABEL="MarginTextZone" DESCRIPTION="block type MarginTextZone"/><OtherTag ID="BT15" LABEL="NumberingZone" DESCRIPTION="block type NumberingZone"/><OtherTag ID="BT17" LABEL="QuireMarksZone" DESCRIPTION="block type QuireMarksZone"/><OtherTag ID="BT18" LABEL="RunningTitleZone" DESCRIPTION="block type RunningTitleZone"/><OtherTag ID="BT20" LABEL="StampZone" DESCRIPTION="block type StampZone"/><OtherTag ID="BT21" LABEL="TableZone" DESCRIPTION="block type TableZone"/><OtherTag ID="BT22" LABEL="TitlePageZone" DESCRIPTION="block type TitlePageZone"/><OtherTag ID="BT886" LABEL="MarginTextZone:handwrittenAddition" DESCRIPTION="block type MarginTextZone:handwrittenAddition"/>
    <OtherTag ID="LT8" LABEL="DefaultLine" DESCRIPTION="line type DefaultLine"/><OtherTag ID="LT9" LABEL="DropCapitalLine" DESCRIPTION="line type DropCapitalLine"/><OtherTag ID="LT10" LABEL="HeadingLine" DESCRIPTION="line type HeadingLine"/><OtherTag ID="LT11" LABEL="InterlinearLine" DESCRIPTION="line type InterlinearLine"/><OtherTag ID="LT433" LABEL="default" DESCRIPTION="line type default"/>
  </Tags>
  <Layout>
    <Page WIDTH="978"
          HEIGHT="1536"
          PHYSICAL_IMG_NR="80"
          ID="eSc_dummypage_">
      <PrintSpace HPOS="0"
                  VPOS="0"
                  WIDTH="978"
                  HEIGHT="1536">
        <TextBlock HPOS="35"
                   VPOS="101"
                   WIDTH="886"
                   HEIGHT="1152"
                   ID="eSc_textblock_4dcebbab"
                   TAGREFS="BT12">
          <Shape><Polygon POINTS="35 172 43 1253 565 1244 567 1244 658 1234 916 1234 913 992 915 902 916 853 910 839 909 789 920 760 921 422 912 353 912 294 918 274 918 164 717 157 715 105 224 101 226 170"/></Shape>
          <TextLine ID="eSc_line_0e78ed5d"
                    TAGREFS="LT10"
                    BASELINE="233 152 708 151" 
                    HPOS="232"
                    VPOS="107"
                    WIDTH="476"
                    HEIGHT="61">
            <Shape><Polygon POINTS="693 122 685 119 676 116 668 115 665 114 643 118 632 108 625 108 617 108 608 108 606 108 596 118 587 118 579 111 579 110 578 110 577 110 551 107 550 107 549 107 536 114 530 109 529 109 528 109 527 109 526 109 512 118 456 110 455 110 454 110 448 116 440 113 439 113 438 113 437 113 436 113 436 114 430 120 413 120 387 108 386 108 332 108 331 108 330 108 330 109 318 120 291 120 280 109 280 108 275 109 267 110 258 110 253 110 232 119 233 152 233 162 286 162 289 163 299 168 300 168 301 168 340 168 341 168 342 168 347 164 349 162 355 164 372 168 394 164 401 163 416 164 449 168 450 168 451 168 458 165 461 163 464 165 467 168 468 168 469 168 470 168 471 168 477 165 484 162 506 165 520 167 521 167 522 167 523 167 523 165 529 162 577 166 591 167 592 167 606 166 664 162 675 167 676 167 677 167 678 167 679 167 691 162 705 167 708 151 704 124 702 123"/></Shape>
	    <String CONTENT="chief de toute abuſion."
                    HPOS="232"
                    VPOS="107"
                    WIDTH="476"
                    HEIGHT="61"
                    WC="0.9956197453581769"></String>
          </TextLine>
          <TextLine ID="eSc_line_5860c4ff"
                    TAGREFS="LT8"
                    BASELINE="41 198 305 191 908 188" 
                    HPOS="41"
                    VPOS="162"
                    WIDTH="867"
                    HEIGHT="47">
            <Shape><Polygon POINTS="902 169 894 169 885 168 877 168 868 168 860 168 851 168 843 167 834 167 826 166 817 166 809 166 800 165 791 165 783 164 774 164 766 164 757 163 755 163 749 163 748 162 680 162 679 162 678 162 661 168 660 168 655 168 589 162 588 162 587 162 570 168 517 163 516 163 483 169 456 163 455 163 454 163 431 170 430 170 426 170 368 164 367 164 366 164 349 171 347 171 340 171 262 165 261 165 220 170 168 166 168 166 54 173 49 177 45 180 41 198 41 209 145 203 223 208 224 208 259 203 298 207 299 207 373 202 442 206 444 206 445 206 446 206 472 201 481 205 482 205 483 205 483 205 500 201 907 202 908 188 907 169 902 169"/></Shape>
	    <String CONTENT="gneur, il ne faut point de croix, ne auſsi au S. Bapteſme:cõbiẽ que les preſtres"
                    HPOS="41"
                    VPOS="162"
                    WIDTH="867"
                    HEIGHT="47"
                    WC="0.9853977873557951"></String>
          </TextLine>
          <TextLine ID="eSc_line_b43be9ff"
                    TAGREFS="LT8"
                    BASELINE="40 227 300 221 909 218" 
                    HPOS="39"
                    VPOS="194"
                    WIDTH="870"
                    HEIGHT="42">
            <Shape><Polygon POINTS="40 227 40 236 856 233 862 233 893 229 907 232 909 218 907 199 836 199 835 199 826 194 826 194 825 194 824 194 823 194 822 194 815 199 760 195 759 195 758 195 757 195 751 199 729 196 728 196 677 200 665 194 664 194 663 194 663 194 637 201 623 196 622 196 622 196 563 201 541 196 540 196 539 196 538 196 518 202 500 196 499 196 498 196 459 201 424 197 423 197 422 197 421 197 413 202 386 197 385 197 343 202 327 197 326 197 326 197 325 197 301 203 256 197 255 197 215 203 144 198 143 198 142 198 126 206 90 206 81 200 80 200 79 200 78 200 39 206 40 227"/></Shape>
	    <String CONTENT="en leurs faſſons de faire, ilz adiurẽt tant de foys le diable, qu’il ſorte du petit"
                    HPOS="39"
                    VPOS="194"
                    WIDTH="870"
                    HEIGHT="42"
                    WC="0.9813560020355951"></String>
          </TextLine>
          <TextLine ID="eSc_line_c40b3803"
                    TAGREFS="LT8"
                    BASELINE="40 258 266 252 909 248" 
                    HPOS="39"
                    VPOS="224"
                    WIDTH="870"
                    HEIGHT="45">
            <Shape><Polygon POINTS="40 258 40 267 121 269 122 269 151 267 179 264 200 267 221 268 221 268 222 268 227 266 234 263 244 266 250 267 251 267 252 267 279 266 331 262 362 266 376 267 377 267 390 265 413 262 419 265 423 267 424 267 424 267 425 267 429 265 436 261 577 264 617 265 617 265 628 264 669 260 705 264 710 264 711 264 712 264 714 264 727 259 908 262 909 248 908 229 898 224 897 224 896 224 896 224 874 229 862 224 861 224 861 224 860 224 859 224 850 229 809 225 809 225 766 230 754 225 753 225 752 225 751 225 736 231 669 231 621 226 620 226 582 232 536 232 494 232 446 227 445 227 404 228 403 228 392 233 384 228 383 228 382 228 353 228 352 228 320 234 311 229 310 229 309 229 250 229 249 229 248 229 237 235 191 235 137 230 136 230 39 237 40 258"/></Shape>
	    <String CONTENT="enfant, faiſant groſſe iniure à la ſaincte creature de Dieu innocẽte,cõme ſont"
                    HPOS="39"
                    VPOS="224"
                    WIDTH="870"
                    HEIGHT="45"></String>
          </TextLine>
          <TextLine ID="eSc_line_f6eee919"
                    TAGREFS="LT8"
                    BASELINE="40 288 337 282 908 279" 
                    HPOS="40"
                    VPOS="255"
                    WIDTH="868"
                    HEIGHT="46">
            <Shape><Polygon POINTS="40 288 40 301 147 296 226 299 228 299 229 299 232 299 324 294 355 297 356 297 429 293 907 293 908 279 906 258 830 255 829 255 828 255 815 258 807 260 799 258 786 256 785 256 761 258 741 261 736 258 732 256 731 256 666 256 665 256 635 259 607 261 601 259 596 257 595 257 594 257 593 257 588 259 580 263 530 263 493 260 468 258 467 258 466 258 465 258 463 260 456 264 405 265 379 265 372 261 370 259 369 259 368 259 367 259 366 259 363 261 356 263 273 261 230 260 229 260 228 260 226 261 216 266 167 261 156 261 155 261 154 261 152 261 144 266 116 261 113 261 112 261 110 261 81 267 40 262 40 288"/></Shape>
	    <String CONTENT="les enfans, leſquelz Ieſus à prins entre ſes bras, auãt que fuſsẽt baptiſez:diſant,"
                    HPOS="40"
                    VPOS="255"
                    WIDTH="868"
                    HEIGHT="46"></String>
          </TextLine>
          <TextLine ID="eSc_line_b1269d0a"
                    TAGREFS="LT8"
                    BASELINE="40 318 314 313 908 309" 
                    HPOS="38"
                    VPOS="286"
                    WIDTH="869"
                    HEIGHT="42">
            <Shape><Polygon POINTS="39 317 39 328 906 326 907 308 905 286 335 286 334 286 332 286 312 293 311 293 300 293 186 288 185 288 38 295 39 317"/></Shape>
	    <String CONTENT="que à telz eſt le royaume des cieux. Il ne faut ainſi entẽdre que noſtre ſalut ſoit"
                    HPOS="38"
                    VPOS="286"
                    WIDTH="869"
                    HEIGHT="42"
                    WC="0.964851975440979"></String>
          </TextLine>
          <TextLine ID="eSc_line_eb6d66d5"
                    TAGREFS="LT8"
                    BASELINE="41 349 384 343 908 340" 
                    HPOS="39"
                    VPOS="318"
                    WIDTH="868"
                    HEIGHT="40">
            <Shape><Polygon POINTS="40 348 40 358 906 353 907 339 905 318 188 318 186 318 39 326 40 348"/></Shape>
	    <String CONTENT="en ce que faict le preſtre en la meſſe, en ſon ſacrifice imaginatif,&amp; qu’il cuyde"
                    HPOS="39"
                    VPOS="318"
                    WIDTH="868"
                    HEIGHT="40"></String>
          </TextLine>
          <TextLine ID="eSc_line_7ab7bc69"
                    TAGREFS="LT8"
                    BASELINE="41 379 290 374 910 370" 
                    HPOS="40"
                    VPOS="346"
                    WIDTH="870"
                    HEIGHT="44">
            <Shape><Polygon POINTS="41 379 41 390 909 383 910 370 908 347 848 351 836 347 832 346 832 346 831 346 830 346 829 346 827 347 820 352 791 352 718 348 704 348 704 348 703 348 701 349 689 353 640 349 632 349 631 349 630 349 628 349 612 354 603 349 601 349 600 349 599 349 599 349 596 349 582 354 569 349 565 349 564 349 564 349 556 349 524 355 465 355 452 350 448 349 447 349 446 349 415 351 316 356 285 352 276 351 275 351 274 351 271 352 256 356 230 353 224 352 223 352 222 352 221 353 210 357 192 353 187 352 186 352 173 353 120 358 40 354 41 379"/></Shape>
	    <String CONTENT="faire:mais cõme la pure parolle de Dieu porte ſeulemẽt au Seigneur Ieſus, qui"
                    HPOS="40"
                    VPOS="346"
                    WIDTH="870"
                    HEIGHT="44"
                    WC="0.9723709361462654"></String>
          </TextLine>
          <TextLine ID="eSc_line_782bdc98"
                    TAGREFS="LT8"
                    BASELINE="42 409 344 404 913 402" 
                    HPOS="41"
                    VPOS="379"
                    WIDTH="872"
                    HEIGHT="41">
            <Shape><Polygon POINTS="42 409 42 419 303 420 304 420 305 420 310 418 323 415 347 418 355 419 355 419 356 419 359 418 370 415 512 418 556 418 557 418 593 418 745 413 911 416 913 402 911 384 780 379 779 379 745 384 742 384 734 384 656 380 655 380 654 380 645 384 621 380 620 380 619 380 609 384 509 381 508 381 507 381 495 385 463 381 462 381 344 386 322 382 321 382 320 382 310 387 309 387 245 383 244 383 41 389 42 409"/></Shape>
	    <String CONTENT="mourãt nous à rachetez:&amp; par vn ſeul ſacrifice nous à cõſommez. Les papaux"
                    HPOS="41"
                    VPOS="379"
                    WIDTH="872"
                    HEIGHT="41"></String>
          </TextLine>
          <TextLine ID="eSc_line_b4dfa1f2"
                    TAGREFS="LT8"
                    BASELINE="43 439 913 431" 
                    HPOS="42"
                    VPOS="407"
                    WIDTH="871"
                    HEIGHT="44">
            <Shape><Polygon POINTS="43 439 43 451 431 445 473 449 481 449 482 449 494 448 556 444 574 448 576 448 577 448 585 448 649 443 679 448 681 448 681 448 686 448 757 442 773 447 774 447 774 447 912 446 913 431 911 413 886 407 885 407 884 407 872 412 840 407 839 407 838 407 815 413 795 407 794 407 793 407 792 407 780 412 718 407 717 407 716 407 696 414 643 414 623 408 622 408 622 408 621 408 620 408 611 414 599 409 598 409 597 409 523 415 429 410 428 410 427 410 406 416 340 411 339 411 300 415 213 413 212 413 211 413 197 418 175 413 174 413 174 413 160 418 144 413 143 413 142 413 141 413 129 418 95 413 94 413 42 419 43 439"/></Shape>
	    <String CONTENT="qui ſuyuẽt &amp; tiennẽt la doctrine du Pape, n’ont ſeulement faict le ſacrifice de"
                    HPOS="42"
                    VPOS="407"
                    WIDTH="871"
                    HEIGHT="44"
                    WC="0.9855646976718196"></String>
          </TextLine>
          <TextLine ID="eSc_line_346a4647"
                    TAGREFS="LT8"
                    BASELINE="44 471 913 462" 
                    HPOS="43"
                    VPOS="437"
                    WIDTH="870"
                    HEIGHT="46">
            <Shape><Polygon POINTS="44 471 44 482 108 483 109 483 110 483 114 482 132 478 242 482 264 482 265 482 271 481 306 477 364 481 374 481 375 481 376 481 377 481 377 480 384 476 478 475 494 479 494 479 495 479 498 479 605 474 617 478 617 478 618 478 913 476 913 462 912 442 796 437 795 437 645 442 602 443 573 442 503 440 502 440 478 442 460 445 401 443 349 442 349 442 331 443 302 448 256 448 250 444 249 442 248 442 247 442 246 442 214 444 128 448 43 445 44 471"/></Shape>
	    <String CONTENT="Ieſus,tant qu’il eſt en eux eſgal &amp; ſemblable à ceux de Moyſe,mais beaucoup"
                    HPOS="43"
                    VPOS="437"
                    WIDTH="870"
                    HEIGHT="46"></String>
          </TextLine>
          <TextLine ID="eSc_line_1acbae3e"
                    TAGREFS="LT8"
                    BASELINE="43 501 913 491" 
                    HPOS="42"
                    VPOS="467"
                    WIDTH="871"
                    HEIGHT="48">
            <Shape><Polygon POINTS="43 501 43 511 87 515 88 515 158 511 193 508 207 510 228 513 229 513 279 510 310 507 319 509 331 512 331 512 332 512 333 512 343 509 349 507 365 509 383 511 384 511 419 508 477 505 489 508 495 510 496 510 497 510 498 510 503 508 512 505 522 508 529 510 529 510 530 510 557 507 588 505 608 507 622 509 622 509 680 508 681 508 685 506 696 503 705 506 707 507 708 507 709 507 710 507 712 506 727 502 739 506 742 507 743 507 744 507 913 505 913 491 911 472 819 472 811 468 810 468 809 468 809 468 808 468 796 472 782 467 781 467 780 467 738 473 737 473 732 473 551 470 550 470 517 476 512 476 502 476 430 471 430 471 409 477 403 477 390 477 346 472 345 472 344 472 331 477 328 477 320 477 271 473 270 473 239 477 229 480 134 480 129 479 116 475 116 475 115 475 114 475 100 479 94 481 90 479 83 477 82 477 81 477 42 479 43 501"/></Shape>
	    <String CONTENT="moindre:car iamais ſi prophanemẽt les ſacrifices de Moyſe ne furẽt faictz, cõ"
                    HPOS="42"
                    VPOS="467"
                    WIDTH="871"
                    HEIGHT="48"
                    WC="0.9832342080771923"></String>
          </TextLine>
          <TextLine ID="eSc_line_3ee064e9"
                    TAGREFS="LT8"
                    BASELINE="44 531 908 522" 
                    HPOS="43"
                    VPOS="497"
                    WIDTH="865"
                    HEIGHT="48">
            <Shape><Polygon POINTS="44 531 45 545 58 541 350 541 356 541 357 541 360 541 529 535 735 537 736 537 737 537 752 533 804 536 805 536 830 532 907 535 908 522 907 502 832 497 831 497 830 497 817 502 779 499 778 499 747 503 736 499 735 499 734 499 699 503 686 499 685 499 684 499 683 499 670 504 660 500 659 500 658 500 617 504 596 500 595 500 594 500 583 506 525 506 516 500 515 500 514 500 423 506 413 502 413 502 360 502 360 502 359 502 342 507 305 503 304 503 244 508 126 505 125 505 124 505 123 505 118 509 107 506 106 506 105 506 43 511 44 531"/></Shape>
	    <String CONTENT="me eſt faicte la meſſe, laquelle faucemẽt ilz appellent le ſacrifice de leſus ſoit"
                    HPOS="43"
                    VPOS="497"
                    WIDTH="865"
                    HEIGHT="48"
                    WC="0.9786366698253586"></String>
          </TextLine>
          <TextLine ID="eSc_line_d361663e"
                    TAGREFS="LT8"
                    BASELINE="45 562 908 552" 
                    HPOS="44"
                    VPOS="528"
                    WIDTH="864"
                    HEIGHT="48">
            <Shape><Polygon POINTS="45 562 45 576 98 571 190 575 191 575 216 570 268 574 269 574 270 574 271 574 285 569 294 572 295 572 296 572 402 568 413 572 414 572 415 572 416 572 425 568 434 572 435 572 436 572 436 572 437 572 457 567 498 571 500 571 501 571 503 571 527 566 574 570 576 570 577 570 585 570 686 565 906 566 908 552 906 534 853 534 839 528 838 528 838 528 837 528 823 534 673 529 672 529 644 535 603 530 602 530 547 536 515 531 514 531 435 538 417 533 416 533 415 533 344 539 329 534 328 534 327 534 326 534 308 540 249 540 215 535 214 535 163 541 78 536 77 536 44 542 45 562"/></Shape>
	    <String CONTENT="qu’on regarde ceux qui chantẽt la meſſe, &amp; la maniere &amp; la fin: &amp; toutes les cir"
                    HPOS="44"
                    VPOS="528"
                    WIDTH="864"
                    HEIGHT="48"></String>
          </TextLine>
          <TextLine ID="eSc_line_778e2f24"
                    TAGREFS="LT8"
                    BASELINE="44 593 484 586 911 584" 
                    HPOS="43"
                    VPOS="559"
                    WIDTH="868"
                    HEIGHT="43">
            <Shape><Polygon POINTS="44 593 44 602 911 597 911 584 909 564 827 559 826 559 766 564 765 564 764 564 733 560 733 560 665 565 642 562 641 562 640 562 640 562 633 566 630 566 590 562 589 562 560 567 558 568 474 568 400 568 389 564 388 564 387 564 324 564 323 564 314 569 216 565 215 565 215 565 202 570 171 566 170 566 43 572 44 593"/></Shape>
	    <String CONTENT="conſtãces. Quelle beſte y à ſur la terre,qu’on ne receoiue &amp; admette pour dire"
                    HPOS="43"
                    VPOS="559"
                    WIDTH="868"
                    HEIGHT="43"></String>
          </TextLine>
          <TextLine ID="eSc_line_28759f91"
                    TAGREFS="LT8"
                    BASELINE="45 623 438 616 908 613" 
                    HPOS="44"
                    VPOS="588"
                    WIDTH="864"
                    HEIGHT="49">
            <Shape><Polygon POINTS="45 623 45 637 907 624 908 613 906 593 884 588 884 588 774 594 773 594 727 590 726 590 628 596 619 591 618 591 617 591 567 591 566 591 538 597 524 593 523 593 523 593 522 593 512 598 442 598 417 593 416 593 341 599 340 599 298 594 297 594 296 594 296 594 287 599 268 594 267 594 267 594 266 594 241 600 82 597 81 597 44 603 45 623"/></Shape>
	    <String CONTENT="meſſe? pour toutes choſes, ne dit l’on point meſſe, ſoit pour auoir en demãdãt,"
                    HPOS="44"
                    VPOS="588"
                    WIDTH="864"
                    HEIGHT="49"
                    WC="0.9798521760069294"></String>
          </TextLine>
          <TextLine ID="eSc_line_0ff6410b"
                    TAGREFS="LT8"
                    BASELINE="46 651 907 644" 
                    HPOS="45"
                    VPOS="620"
                    WIDTH="862"
                    HEIGHT="43">
            <Shape><Polygon POINTS="46 651 46 663 504 663 504 662 518 660 543 657 594 660 618 661 619 661 620 661 622 660 629 657 688 659 703 660 704 660 704 660 706 659 716 656 788 659 796 659 797 659 803 659 869 655 905 658 907 644 904 620 804 626 756 626 749 622 748 621 747 621 746 621 745 621 651 622 650 622 646 623 640 626 630 623 620 622 619 622 605 624 589 627 585 624 582 622 582 622 581 622 580 622 535 625 490 628 468 626 445 624 444 624 433 627 424 628 392 627 332 624 331 624 244 629 225 630 219 629 189 626 188 626 187 626 186 626 180 630 179 631 45 632 46 651"/></Shape>
	    <String CONTENT="ou pour perdre, &amp; qu’il ſoit oſté ce qu’on demãde eſtre chaſſé? de tout on faict"
                    HPOS="45"
                    VPOS="620"
                    WIDTH="862"
                    HEIGHT="43"></String>
          </TextLine>
          <TextLine ID="eSc_line_91b3e9df"
                    TAGREFS="LT8"
                    BASELINE="44 682 909 674" 
                    HPOS="43"
                    VPOS="651"
                    WIDTH="866"
                    HEIGHT="41">
            <Shape><Polygon POINTS="44 682 44 692 620 692 620 692 645 690 716 686 785 690 792 690 793 690 794 690 795 690 814 685 908 689 909 674 908 655 840 651 839 651 799 655 791 656 765 656 632 652 631 652 630 652 620 657 617 657 600 657 549 653 548 653 529 657 521 658 500 657 445 654 444 654 443 654 436 657 434 658 424 657 387 655 386 655 363 658 355 659 328 658 251 656 250 656 221 659 205 661 195 659 179 657 178 657 177 657 165 660 160 661 156 660 148 657 147 657 146 657 129 660 119 662 43 661 44 682"/></Shape>
	    <String CONTENT="des meſſes. Or il eſt eſcrit que ſi les ſacrifices de Moyſe euſſent peu oſter les pe"
                    HPOS="43"
                    VPOS="651"
                    WIDTH="866"
                    HEIGHT="41"
                    WC="0.9843876276697431"></String>
          </TextLine>
          <TextLine ID="eSc_line_d6197c25"
                    TAGREFS="LT8"
                    BASELINE="45 713 910 704" 
                    HPOS="44"
                    VPOS="680"
                    WIDTH="866"
                    HEIGHT="43">
            <Shape><Polygon POINTS="45 713 45 723 909 718 910 704 908 686 837 680 836 680 794 686 754 681 753 681 717 686 624 683 623 683 622 683 622 683 615 687 574 684 573 684 494 688 478 684 477 684 477 684 476 684 460 688 391 685 390 685 390 685 378 691 343 691 304 686 303 686 302 686 286 691 218 686 217 686 216 686 205 692 149 687 148 687 147 687 129 692 59 688 58 688 58 688 44 693 45 713"/></Shape>
	    <String CONTENT="chez, qu’ilz euſſent ceſſé &amp; ne fuſſent eſtez reiterez. Parquoy le Sacrifice de le"
                    HPOS="44"
                    VPOS="680"
                    WIDTH="866"
                    HEIGHT="43"
                    WC="0.9908148545816721"></String>
          </TextLine>
          <TextLine ID="eSc_line_6936b769"
                    TAGREFS="LT8"
                    BASELINE="45 744 653 736 911 737" 
                    HPOS="44"
                    VPOS="709"
                    WIDTH="867"
                    HEIGHT="49">
            <Shape><Polygon POINTS="45 744 45 754 127 758 128 758 243 753 296 751 328 753 378 756 379 756 461 752 547 749 909 750 911 737 910 712 824 709 823 709 807 712 790 715 755 713 724 710 723 710 722 710 714 713 704 716 692 713 689 712 688 712 687 712 674 713 645 716 637 714 631 711 630 711 629 711 618 714 602 717 529 715 491 713 490 713 489 713 485 715 477 718 466 715 463 714 462 714 461 714 460 714 459 714 459 715 452 719 420 715 407 714 407 714 399 715 377 720 327 715 311 715 310 715 302 715 273 721 228 717 227 717 192 722 153 722 143 717 141 716 140 716 139 716 139 716 137 717 127 722 44 718 45 744"/></Shape>
	    <String CONTENT="ſus qui plainemẽt à effacé les pechéz,à eſté faict vne foys, &amp; n’eſt plus faiſable,"
                    HPOS="44"
                    VPOS="709"
                    WIDTH="867"
                    HEIGHT="49"></String>
          </TextLine>
          <TextLine ID="eSc_line_8c1f1e0c"
                    TAGREFS="LT8"
                    BASELINE="46 773 913 765" 
                    HPOS="45"
                    VPOS="741"
                    WIDTH="868"
                    HEIGHT="44">
            <Shape><Polygon POINTS="46 773 46 785 913 779 913 765 912 747 849 741 849 741 848 741 825 748 764 748 740 742 739 742 593 749 566 744 565 744 475 750 423 745 422 745 390 751 306 746 305 746 304 746 279 752 251 747 250 747 215 753 198 749 197 749 197 749 196 749 184 754 96 754 84 749 83 749 82 749 45 755 46 773"/></Shape>
	    <String CONTENT="ne à reiterer,&amp; ne faut à Ieſus aucũ Lieutenãt, Vicaire, ou ſucceſſeur:car il peut"
                    HPOS="45"
                    VPOS="741"
                    WIDTH="868"
                    HEIGHT="44"></String>
          </TextLine>
          <TextLine ID="eSc_line_eb7a6b25"
                    TAGREFS="LT8"
                    BASELINE="46 805 588 797 905 799" 
                    HPOS="45"
                    VPOS="773"
                    WIDTH="860"
                    HEIGHT="41">
            <Shape><Polygon POINTS="46 805 46 814 904 808 905 799 903 778 834 778 833 778 825 773 824 773 823 773 822 773 805 778 804 778 789 773 788 773 787 773 786 773 785 773 778 778 756 773 756 773 755 773 735 779 733 779 729 779 695 773 694 773 657 779 650 779 642 779 602 774 601 774 553 779 510 775 509 775 508 775 490 779 483 781 472 780 442 776 442 776 441 776 433 780 430 781 421 780 400 778 399 778 328 781 275 783 267 781 255 778 254 778 253 778 238 781 227 784 217 781 205 779 204 779 203 779 203 779 194 781 186 784 45 783 46 805"/></Shape>
	    <String CONTENT="ſauuer eternellemẽt tous ceux qui viẽnent à luy eſtãt touſiours viuãt,en quoy"
                    HPOS="45"
                    VPOS="773"
                    WIDTH="860"
                    HEIGHT="41"></String>
          </TextLine>
          <TextLine ID="eSc_line_a635d250"
                    TAGREFS="LT8"
                    BASELINE="46 835 660 827 907 828" 
                    HPOS="45"
                    VPOS="802"
                    WIDTH="862"
                    HEIGHT="47">
            <Shape><Polygon POINTS="46 835 46 849 298 843 367 846 374 846 375 846 379 846 413 842 453 845 459 845 459 845 460 845 461 845 470 841 530 844 541 844 542 844 558 843 643 839 905 839 907 828 906 807 834 802 833 802 806 807 804 807 803 807 793 802 792 802 791 802 767 807 762 808 755 807 722 802 721 802 668 808 652 808 646 808 631 803 630 803 629 803 628 803 628 803 622 808 619 809 608 808 587 804 587 804 586 804 577 808 572 809 538 808 479 805 478 805 477 805 471 808 467 809 454 808 429 806 428 806 427 806 422 808 416 812 376 812 358 808 347 807 346 807 330 808 311 811 306 808 301 807 300 807 299 807 298 807 297 807 295 808 291 812 271 809 261 808 260 808 259 808 255 809 242 813 229 809 223 808 222 808 221 808 221 808 217 809 209 814 147 809 140 809 139 809 139 809 138 809 127 814 81 810 81 810 80 810 65 814 45 810 46 835"/></Shape>
	    <String CONTENT="le Pape &amp; tous les ſiẽs luy font treſgroſſe iniure, luy donnãt ſucceſſeur, Vicai¬"
                    HPOS="45"
                    VPOS="802"
                    WIDTH="862"
                    HEIGHT="47"
                    WC="0.9818741557109787"></String>
          </TextLine>
          <TextLine ID="eSc_line_831e4341"
                    TAGREFS="LT8"
                    BASELINE="50 866 732 857 888 857 911 863" 
                    HPOS="48"
                    VPOS="833"
                    WIDTH="862"
                    HEIGHT="50">
            <Shape><Polygon POINTS="49 865 49 883 908 870 910 862 908 833 482 833 481 833 480 833 467 839 465 840 363 840 359 840 294 835 293 835 258 842 257 842 256 842 189 837 188 837 152 843 84 838 83 838 48 844 49 865"/></Shape>
	    <String CONTENT="re,&amp; lieutenãt cõme ilz diſent, voire cõme leurs parolles cõtiennent: le Pape"
                    HPOS="48"
                    VPOS="833"
                    WIDTH="862"
                    HEIGHT="50"></String>
          </TextLine>
          <TextLine ID="eSc_line_6944e8ea"
                    TAGREFS="LT8"
                    BASELINE="46 896 780 887 901 888 911 892" 
                    HPOS="43"
                    VPOS="858"
                    WIDTH="867"
                    HEIGHT="48">
            <Shape><Polygon POINTS="44 896 44 906 910 901 910 890 908 864 846 858 844 858 843 858 816 865 814 865 646 861 645 861 602 867 601 867 545 862 544 862 512 869 510 869 501 869 336 865 335 865 334 865 332 865 332 866 326 871 320 871 244 866 243 866 241 866 240 866 232 872 231 874 43 874 44 896"/></Shape>
	    <String CONTENT="tient le lieu, non de pur hõme, mais du vray Dieu. Et diſent que l&#x27;office ſacer¬"
                    HPOS="43"
                    VPOS="858"
                    WIDTH="867"
                    HEIGHT="48"></String>
          </TextLine>
          <TextLine ID="eSc_line_108fe40b"
                    TAGREFS="LT8"
                    BASELINE="49 926 728 918 891 918 911 923" 
                    HPOS="47"
                    VPOS="892"
                    WIDTH="863"
                    HEIGHT="46">
            <Shape><Polygon POINTS="48 925 48 938 908 931 910 922 908 892 376 899 372 899 317 894 316 894 314 894 290 901 289 901 285 901 168 896 167 896 166 896 165 896 157 902 57 897 56 897 55 897 53 897 47 901 48 925"/></Shape>
	    <String CONTENT="dotal à eſté trãsferé de Chriſt à Pierre, &amp; de Pierre ilz veulẽt que tous les Pa¬"
                    HPOS="47"
                    VPOS="892"
                    WIDTH="863"
                    HEIGHT="46"
                    WC="0.9737050594954655"></String>
          </TextLine>
          <TextLine ID="eSc_line_8f9cbc7a"
                    TAGREFS="LT8"
                    BASELINE="47 957 699 948 908 950" 
                    HPOS="46"
                    VPOS="923"
                    WIDTH="862"
                    HEIGHT="49">
            <Shape><Polygon POINTS="47 957 47 972 120 971 121 971 132 965 142 971 143 971 144 971 147 971 174 971 174 971 178 971 216 965 247 969 252 970 253 970 254 970 256 969 267 965 308 968 318 969 319 969 320 969 322 968 331 965 366 967 380 968 381 968 399 966 444 963 494 965 509 965 510 965 511 965 513 965 524 961 538 965 547 966 548 966 564 964 586 960 699 960 713 961 735 965 736 965 737 965 738 965 743 961 746 959 754 960 765 964 766 964 767 964 812 960 826 959 838 960 890 963 891 963 892 963 908 958 908 950 907 928 843 923 842 923 841 923 830 928 829 928 775 925 774 925 740 929 733 930 733 930 725 925 724 925 723 925 667 925 666 925 665 925 653 929 558 926 558 926 557 926 556 926 548 931 547 932 505 932 479 931 355 928 354 928 353 928 340 933 337 934 329 933 294 930 293 930 250 934 241 935 238 934 226 930 225 930 224 930 223 930 204 935 198 936 188 935 153 930 152 930 127 936 119 936 115 936 101 931 100 931 99 931 46 936 47 957"/></Shape>
	    <String CONTENT="pes ſoyẽt ſucceſſeurs,&amp; ainſi pluſieurs ſont ordõnés à cauſe de leur mort &amp; de¬"
                    HPOS="46"
                    VPOS="923"
                    WIDTH="862"
                    HEIGHT="49"></String>
          </TextLine>
          <TextLine ID="eSc_line_ccec6ae5"
                    TAGREFS="LT8"
                    BASELINE="46 989 663 979 872 979 909 982" 
                    HPOS="43"
                    VPOS="954"
                    WIDTH="865"
                    HEIGHT="46">
            <Shape><Polygon POINTS="44 988 44 1000 465 1000 465 999 480 997 500 993 538 997 561 998 563 998 564 998 565 998 568 995 576 992 628 995 650 997 651 997 683 995 782 989 828 994 833 994 834 994 838 994 866 988 906 993 908 981 907 954 478 954 477 954 413 957 299 963 236 958 224 958 222 958 221 958 220 958 209 965 136 960 129 960 128 960 126 960 125 960 125 961 124 961 120 966 43 961 44 988"/></Shape>
	    <String CONTENT="ces, ainſi qu’il eſt aduenu à Aaron &amp; à ſes ſucceſſeurs, qui ſont venus apres luy"
                    HPOS="43"
                    VPOS="954"
                    WIDTH="865"
                    HEIGHT="46"
                    WC="0.9924522674227335"></String>
          </TextLine>
          <TextLine ID="eSc_line_7296ee60"
                    TAGREFS="LT8"
                    BASELINE="46 1019 748 1009 895 1010 909 1011" 
                    HPOS="43"
                    VPOS="980"
                    WIDTH="865"
                    HEIGHT="50">
            <Shape><Polygon POINTS="44 1018 44 1030 907 1022 908 1009 907 985 797 980 796 980 794 980 783 986 782 986 773 986 702 981 701 981 700 981 698 981 689 988 687 988 668 988 528 984 527 984 526 984 513 990 512 990 499 990 421 985 419 985 418 985 417 985 409 992 407 992 384 992 231 988 230 988 229 988 227 988 218 994 217 994 211 994 165 989 163 989 43 995 44 1018"/></Shape>
	    <String CONTENT="Et ainſi Chriſt n’auroit point l’office ſacerdotal eternel, qui eſt groſſe blaſphe"
                    HPOS="43"
                    VPOS="980"
                    WIDTH="865"
                    HEIGHT="50"
                    WC="0.9849875096867724"></String>
          </TextLine>
          <TextLine ID="eSc_line_b32d973e"
                    TAGREFS="LT8"
                    BASELINE="47 1048 692 1040 884 1040 909 1042" 
                    HPOS="44"
                    VPOS="1013"
                    WIDTH="864"
                    HEIGHT="49">
            <Shape><Polygon POINTS="46 1047 46 1062 907 1052 908 1041 906 1013 44 1026 46 1047"/></Shape>
	    <String CONTENT="me cõtre la parolle de Dieu. Le Pape rẽuerſant ce qui eſt dit du ſang de Ieſus,"
                    HPOS="44"
                    VPOS="1013"
                    WIDTH="864"
                    HEIGHT="49"
                    WC="0.9889158238599329"></String>
          </TextLine>
          <TextLine ID="eSc_line_beed74f1"
                    TAGREFS="LT8"
                    BASELINE="49 1078 647 1070 887 1070 909 1072" 
                    HPOS="47"
                    VPOS="1045"
                    WIDTH="861"
                    HEIGHT="46">
            <Shape><Polygon POINTS="48 1077 48 1091 907 1084 908 1071 906 1045 47 1058 48 1077"/></Shape>
	    <String CONTENT="qui nous purifie des œuures mortes, dit: Nous beniſſons l’eaue aſperſee du ſel"
                    HPOS="47"
                    VPOS="1045"
                    WIDTH="861"
                    HEIGHT="46"
                    WC="0.9865695880009577"></String>
          </TextLine>
          <TextLine ID="eSc_line_eb0afc4a"
                    TAGREFS="LT8"
                    BASELINE="46 1109 714 1100 881 1100 909 1102" 
                    HPOS="43"
                    VPOS="1073"
                    WIDTH="865"
                    HEIGHT="53">
            <Shape><Polygon POINTS="44 1108 44 1120 144 1126 145 1126 358 1118 460 1116 907 1116 908 1100 906 1073 43 1084 44 1108"/></Shape>
	    <String CONTENT="aux peuples, à fin que tous aſperſez d’icelle ſoyent ſanctifiez &amp; purifiez,ce que"
                    HPOS="43"
                    VPOS="1073"
                    WIDTH="865"
                    HEIGHT="53"></String>
          </TextLine>
          <TextLine ID="eSc_line_92925273"
                    TAGREFS="LT8"
                    BASELINE="49 1139 276 1139 762 1130 888 1130 909 1131" 
                    HPOS="47"
                    VPOS="1103"
                    WIDTH="861"
                    HEIGHT="49">
            <Shape><Polygon POINTS="48 1137 48 1152 907 1145 908 1130 907 1108 766 1103 765 1103 764 1103 747 1109 746 1109 732 1109 497 1107 496 1107 495 1107 494 1107 487 1113 486 1113 472 1113 335 1109 334 1109 332 1109 317 1116 314 1116 305 1116 244 1111 243 1111 241 1111 222 1117 220 1117 211 1117 152 1112 151 1112 47 1118 48 1137"/></Shape>
	    <String CONTENT="doiuẽt faire tous les Sacrificateurs. Car ſi la cẽdre de la geniſſe eſparce ſancti¬"
                    HPOS="47"
                    VPOS="1103"
                    WIDTH="861"
                    HEIGHT="49"
                    WC="0.9875894146807054"></String>
          </TextLine>
          <TextLine ID="eSc_line_03c7a26b"
                    TAGREFS="LT8"
                    BASELINE="50 1170 803 1160 896 1161 909 1162" 
                    HPOS="48"
                    VPOS="1137"
                    WIDTH="860"
                    HEIGHT="44">
            <Shape><Polygon POINTS="49 1169 49 1181 907 1171 908 1160 906 1137 48 1148 49 1169"/></Shape>
	    <String CONTENT="fioit &amp; nettoyoit le peuple, par plus forte raiſon l’eaue aſperſee du ſel &amp; ſacree"
                    HPOS="48"
                    VPOS="1137"
                    WIDTH="860"
                    HEIGHT="44"
                    WC="0.9852486877906613"></String>
          </TextLine>
          <TextLine ID="eSc_line_3c555fdb"
                    TAGREFS="LT8"
                    BASELINE="51 1202 771 1191 905 1191 909 1191" 
                    HPOS="48"
                    VPOS="1166"
                    WIDTH="860"
                    HEIGHT="48">
            <Shape><Polygon POINTS="49 1201 49 1214 462 1214 462 1213 907 1199 908 1190 906 1166 556 1167 555 1167 540 1172 536 1173 524 1172 483 1168 482 1168 376 1176 363 1176 357 1176 311 1171 309 1171 207 1178 204 1178 203 1178 171 1173 170 1173 111 1180 67 1175 66 1175 65 1175 48 1181 49 1201"/></Shape>
	    <String CONTENT="par prieres diuines, ſanctifie &amp; nettoye le peuple. Et ſi le ſel aſperſé par Heliſee"
                    HPOS="48"
                    VPOS="1166"
                    WIDTH="860"
                    HEIGHT="48"
                    WC="0.9640598675783942"></String>
          </TextLine>
          <TextLine ID="eSc_line_2c109304"
                    TAGREFS="LT8"
                    BASELINE="51 1233 294 1232 728 1222 909 1225" 
                    HPOS="48"
                    VPOS="1192"
                    WIDTH="860"
                    HEIGHT="63">
            <Shape><Polygon POINTS="49 1232 49 1249 206 1255 207 1255 331 1253 332 1253 345 1246 348 1245 352 1246 377 1253 378 1253 380 1253 381 1253 405 1245 407 1245 416 1251 417 1251 418 1251 419 1253 491 1253 491 1251 492 1251 522 1244 529 1242 538 1244 576 1250 577 1250 643 1242 669 1240 692 1242 751 1248 752 1248 783 1241 794 1239 907 1239 908 1224 907 1199 846 1192 844 1192 705 1200 665 1201 640 1200 579 1196 578 1196 523 1201 487 1205 48 1205 49 1232"/></Shape>
	    <String CONTENT="Ie prophete à guery la ſterilité de l’eaue, par plus forte raiſon le ſel ſacré par"
                    HPOS="48"
                    VPOS="1192"
                    WIDTH="860"
                    HEIGHT="63"
                    WC="0.9810747335938846"></String>
          </TextLine>
        </TextBlock>
        <TextBlock HPOS="911"
                   VPOS="285"
                   WIDTH="57"
                   HEIGHT="72"
                   ID="eSc_textblock_6eac3cda"
                   TAGREFS="BT13">
          <Shape><Polygon POINTS="911 285 911 357 968 357 968 285"/></Shape>
          <TextLine ID="eSc_line_ebcb17bd"
                    TAGREFS="LT8"
                    BASELINE="918 309 964 309" 
                    HPOS="917"
                    VPOS="281"
                    WIDTH="46"
                    HEIGHT="44">
            <Shape><Polygon POINTS="917 308 917 322 962 325 963 308 962 281 917 288 917 308"/></Shape>
	    <String CONTENT="Mat"
                    HPOS="917"
                    VPOS="281"
                    WIDTH="46"
                    HEIGHT="44"
                    WC="0.9993577003479004"></String>
          </TextLine>
          <TextLine ID="eSc_line_01285153"
                    TAGREFS="LT8"
                    BASELINE="918 340 965 340" 
                    HPOS="917"
                    VPOS="317"
                    WIDTH="46"
                    HEIGHT="42">
            <Shape><Polygon POINTS="917 339 917 358 962 359 963 339 962 317 917 317 917 339"/></Shape>
	    <String CONTENT="Mar"
                    HPOS="917"
                    VPOS="317"
                    WIDTH="46"
                    HEIGHT="42"
                    WC="0.9975204269091288"></String>
          </TextLine>
        </TextBlock>
        <TextBlock HPOS="909"
                   VPOS="781"
                   WIDTH="64"
                   HEIGHT="467"
                   ID="eSc_textblock_24a55078"
                   TAGREFS="BT13">
          <Shape><Polygon POINTS="914 781 909 815 911 843 913 846 918 853 915 882 915 933 912 945 912 972 916 974 916 1248 973 1238 968 786"/></Shape>
          <TextLine ID="eSc_line_b9c473b5"
                    TAGREFS="LT8"
                    BASELINE="913 801 961 805" 
                    HPOS="911"
                    VPOS="778"
                    WIDTH="51"
                    HEIGHT="43">
            <Shape><Polygon POINTS="956 788 948 786 939 784 931 781 929 778 929 778 928 778 913 781 913 801 911 814 959 821 961 805 962 791 956 788"/></Shape>
	    <String CONTENT="diſt."
                    HPOS="911"
                    VPOS="778"
                    WIDTH="51"
                    HEIGHT="43"
                    WC="0.9930817127227783"></String>
          </TextLine>
          <TextLine ID="eSc_line_1044bb0c"
                    TAGREFS="LT8"
                    BASELINE="913 832 966 835" 
                    HPOS="913"
                    VPOS="815"
                    WIDTH="53"
                    HEIGHT="28">
            <Shape><Polygon POINTS="913 832 913 841 964 843 966 835 966 818 914 815 913 832"/></Shape>
	    <String CONTENT="In n◊"
                    HPOS="913"
                    VPOS="815"
                    WIDTH="53"
                    HEIGHT="28"></String>
          </TextLine>
          <TextLine ID="eSc_line_4b302e73"
                    TAGREFS="LT8"
                    BASELINE="919 865 921 865 964 866" 
                    HPOS="916"
                    VPOS="840"
                    WIDTH="47"
                    HEIGHT="36">
            <Shape><Polygon POINTS="917 864 916 876 962 876 963 865 962 846 917 840 917 864"/></Shape>
	    <String CONTENT="extr"
                    HPOS="916"
                    VPOS="840"
                    WIDTH="47"
                    HEIGHT="36"
                    WC="0.9782073348760605"></String>
          </TextLine>
          <TextLine ID="eSc_line_84993bd2"
                    TAGREFS="LT8"
                    BASELINE="919 894 921 895 965 896" 
                    HPOS="916"
                    VPOS="871"
                    WIDTH="47"
                    HEIGHT="39">
            <Shape><Polygon POINTS="916 907 961 910 963 896 962 874 920 871 917 893 916 907"/></Shape>
	    <String CONTENT="tranſ"
                    HPOS="916"
                    VPOS="871"
                    WIDTH="47"
                    HEIGHT="39"></String>
          </TextLine>
          <TextLine ID="eSc_line_ee265e70"
                    TAGREFS="LT8"
                    BASELINE="919 925 926 926 962 926" 
                    HPOS="916"
                    VPOS="901"
                    WIDTH="45"
                    HEIGHT="42">
            <Shape><Polygon POINTS="917 924 916 943 960 939 961 925 958 901 917 901 917 924"/></Shape>
	    <String CONTENT="Quã"
                    HPOS="916"
                    VPOS="901"
                    WIDTH="45"
                    HEIGHT="42"></String>
          </TextLine>
          <TextLine ID="eSc_line_6a793bf0"
                    TAGREFS="LT8"
                    BASELINE="915 952 964 955" 
                    HPOS="913"
                    VPOS="933"
                    WIDTH="51"
                    HEIGHT="41">
            <Shape><Polygon POINTS="915 952 913 971 961 974 964 955 962 934 946 939 936 936 928 933 927 933 926 933 925 933 916 936 915 952"/></Shape>
	    <String CONTENT="gloſſ◊"
                    HPOS="913"
                    VPOS="933"
                    WIDTH="51"
                    HEIGHT="41"></String>
          </TextLine>
          <TextLine ID="eSc_line_551c6341"
                    TAGREFS="LT8"
                    BASELINE="919 983 966 986" 
                    HPOS="916"
                    VPOS="963"
                    WIDTH="49"
                    HEIGHT="36">
            <Shape><Polygon POINTS="917 981 916 993 962 999 965 985 965 963 917 963 917 981"/></Shape>
	    <String CONTENT="ca.tr"
                    HPOS="916"
                    VPOS="963"
                    WIDTH="49"
                    HEIGHT="36"></String>
          </TextLine>
          <TextLine ID="eSc_line_df4c13ce"
                    TAGREFS="LT8"
                    BASELINE="919 1012 966 1016" 
                    HPOS="916"
                    VPOS="985"
                    WIDTH="49"
                    HEIGHT="40">
            <Shape><Polygon POINTS="917 1011 916 1022 962 1025 965 1015 963 995 917 985 917 1011"/></Shape>
	    <String CONTENT="lato."
                    HPOS="916"
                    VPOS="985"
                    WIDTH="49"
                    HEIGHT="40"></String>
          </TextLine>
          <TextLine ID="eSc_line_bceaf65d"
                    TAGREFS="LT8"
                    BASELINE="919 1043 966 1047" 
                    HPOS="916"
                    VPOS="1016"
                    WIDTH="49"
                    HEIGHT="42">
            <Shape><Polygon POINTS="963 1018 939 1024 919 1016 917 1041 916 1058 963 1057 965 1045 963 1018"/></Shape>
	    <String CONTENT="tra ◊"
                    HPOS="916"
                    VPOS="1016"
                    WIDTH="49"
                    HEIGHT="42"></String>
          </TextLine>
          <TextLine ID="eSc_line_a4078295"
                    TAGREFS="LT8"
                    BASELINE="919 1072 966 1076" 
                    HPOS="916"
                    VPOS="1050"
                    WIDTH="49"
                    HEIGHT="40">
            <Shape><Polygon POINTS="917 1071 916 1090 963 1085 965 1075 965 1054 917 1050 917 1071"/></Shape>
	    <String CONTENT="ſtitu"
                    HPOS="916"
                    VPOS="1050"
                    WIDTH="49"
                    HEIGHT="40"></String>
          </TextLine>
          <TextLine ID="eSc_line_79c5d984"
                    TAGREFS="LT8"
                    BASELINE="919 1102 966 1105" 
                    HPOS="916"
                    VPOS="1077"
                    WIDTH="49"
                    HEIGHT="41">
            <Shape><Polygon POINTS="917 1100 916 1114 962 1118 965 1104 963 1077 917 1081 917 1100"/></Shape>
	    <String CONTENT="Ebr◊"
                    HPOS="916"
                    VPOS="1077"
                    WIDTH="49"
                    HEIGHT="41"></String>
          </TextLine>
          <TextLine ID="eSc_line_bf7d7487"
                    TAGREFS="LT8"
                    BASELINE="919 1132 966 1135" 
                    HPOS="916"
                    VPOS="1114"
                    WIDTH="49"
                    HEIGHT="34">
            <Shape><Polygon POINTS="917 1131 916 1144 962 1148 965 1134 963 1117 917 1114 917 1131"/></Shape>
	    <String CONTENT="De ◊"
                    HPOS="916"
                    VPOS="1114"
                    WIDTH="49"
                    HEIGHT="34"></String>
          </TextLine>
          <TextLine ID="eSc_line_f9b94859"
                    TAGREFS="LT8"
                    BASELINE="919 1163 964 1166" 
                    HPOS="916"
                    VPOS="1140"
                    WIDTH="47"
                    HEIGHT="41">
            <Shape><Polygon POINTS="917 1162 916 1177 961 1181 963 1164 963 1140 917 1140 917 1162"/></Shape>
	    <String CONTENT="diſti"
                    HPOS="916"
                    VPOS="1140"
                    WIDTH="47"
                    HEIGHT="41"
                    WC="0.9964378952980042"></String>
          </TextLine>
          <TextLine ID="eSc_line_a3217b34"
                    TAGREFS="LT8"
                    BASELINE="919 1192 965 1195" 
                    HPOS="916"
                    VPOS="1168"
                    WIDTH="47"
                    HEIGHT="42">
            <Shape><Polygon POINTS="916 1201 961 1210 963 1194 960 1172 945 1176 919 1168 917 1191 916 1201"/></Shape>
	    <String CONTENT="Aqu"
                    HPOS="916"
                    VPOS="1168"
                    WIDTH="47"
                    HEIGHT="42"></String>
          </TextLine>
          <TextLine ID="eSc_line_1ff72b08"
                    TAGREFS="LT8"
                    BASELINE="919 1225 965 1226" 
                    HPOS="917"
                    VPOS="1194"
                    WIDTH="46"
                    HEIGHT="54">
            <Shape><Polygon POINTS="917 1224 917 1244 962 1248 963 1224 963 1204 917 1194 917 1224"/></Shape>
	    <String CONTENT="ſale."
                    HPOS="917"
                    VPOS="1194"
                    WIDTH="46"
                    HEIGHT="54"></String>
          </TextLine>
        </TextBlock>
        <TextBlock HPOS="649"
                   VPOS="1228"
                   WIDTH="274"
                   HEIGHT="39"
                   ID="eSc_textblock_e609c3bf"
                   TAGREFS="BT17">
          <Shape><Polygon POINTS="649 1228 649 1267 923 1267 921 1235"/></Shape>
          <TextLine ID="eSc_line_c1827aa5"
                    TAGREFS="LT8"
                    BASELINE="654 1257 921 1257" 
                    HPOS="652"
                    VPOS="1227"
                    WIDTH="268"
                    HEIGHT="59">
            <Shape><Polygon POINTS="652 1256 652 1285 732 1273 760 1273 775 1285 777 1285 778 1285 779 1286 830 1286 830 1285 832 1285 835 1283 862 1273 880 1280 881 1280 883 1280 884 1280 906 1274 916 1283 920 1256 920 1237 892 1227 890 1227 826 1227 825 1227 824 1227 823 1227 823 1228 814 1236 812 1237 733 1237 730 1235 725 1230 725 1228 724 1228 723 1228 721 1228 720 1228 719 1228 711 1233 709 1235 707 1233 701 1228 701 1227 700 1227 698 1227 697 1227 652 1232 652 1256"/></Shape>
	    <String CONTENT="K 3 diuines."
                    HPOS="652"
                    VPOS="1227"
                    WIDTH="268"
                    HEIGHT="59"></String>
          </TextLine>
        </TextBlock>
      </PrintSpace>
    </Page>
  </Layout>
</alto>
