984 1536
189 112 637 68 Et le Pape la meſſe controuue,

69 162 868 56 diuines prieres oſtera la ſterilité des choſes humaines, & ſanctifie & purge les

69 199 868 50 ſouillez, multiplie les biẽs & chaſſe les eſpies & aguetz du diable, & garde les

69 228 867 51 hõmes des phãtaſmes & de tromperies. Voyla les parolles de la beſte, qui ain¬

69 259 867 49 ſi blaſpheme & deſtruict la parole de Dieu, & ainſi quaſi par tout il à faict. En

69 288 867 50 la premiere Egliſe tous les iours l'on faiſoit la Cene, laquelle eſtoit prinſe de

73 320 858 48 tous, puis lon la mis au dimẽche apres à eſté ordõné de la faire trois foys l'an,

73 346 859 53 puis vne: & le dimẽche eſt dõné le pain benict, au lieu de la Cene, ainſi diſent

67 380 865 51 ilz. La redẽption de Ieſus & tout ce qu’il à faict pour ſon Egliſe, en la meſſe eſt

65 410 867 49 mis à neant autant cõme les Papes ont peu, renuoyãs à Dieu, cõme ilz diſent,

62 439 869 50 ce qui leur a dõné. Car ilz diſent, offrir pour l’Egliſe ſaincte catholicque,en la

64 471 867 49 premiere partie du canon,& pour la redẽption des viuãs, leſquels ilz nõment

63 501 869 46 en leur premier memento,& pour les aſsiſtẽs & preſens, qui ſont ditz offrir a¬

63 530 868 50 uec celuy qui chante la meſſe,& pour les autres, cõme cõtient ledict premier

60 565 869 44 memento. Et en leur cõmunicãtes, ilz font cõmemoration d’autres que de Ie

58 591 871 48 ſus, au cõtraire de ce que Ieſus à cõmandé,c’eſt qu’on fiſt en ſa cõmemoration.

58 621 873 51 Les parolles qu’on doit dire à tout hõme & preſcher en grãd vertu,ſont dictes

57 654 871 47 ſur le pain, & ſur le vin ſecrettemẽt: & c'eſt à fin qu'elles ne ſoyẽt vilipẽdees &

57 681 869 47 meſpriſees, & par ſemblable raiſon le Pape & les ſiẽs ſe peuuẽt excuſer, pour¬

58 710 867 54 quoy ilz n’ont preſché l'Euãgile, c'eſt à ſin que l’Euãgiſe & eux auſsi ne fuſſent

60 742 863 52 meſpriſez, en ce eſtãt plus ſages q̃ Dieu, qui veut qu'on crie ſans ceſſer,& qu’on

60 773 866 48 annõce au peuple ſon peché: & auſsi cõtre l’expres cõmandement d’aller par

49 802 874 50 tout le monde preſcher auſsi l’Euangile à toute creature,ce qu’ont faict les A¬

54 832 869 51 poſtres: & quelque meſpris & contẽnement, qui ſoit aduenu, n’ont delaiſſé, ne

53 864 869 52 parauant noſtre Seigneur Ieſus, preſchãt en groſſe diligece par tout. Lon faict

52 893 868 52 adorer le pain & le calice en la meſſe, apres les parolles ſacramẽtales (cõme ilz

49 922 871 52 diſent) leſquelles ſi ne ſont proferees deumẽt & auec l'intentiõ de cõſacrer, &

47 954 872 52 ſur matiere deue, le peuple ſeroit idolatre, adorãt pour Dieu, ce qui n'eſt point

46 984 872 52 Dieu car toutes les choſes deſſudictes, ſont requiſes neceſſairemẽt auec ce que

46 1013 870 53 celuy qui profere les parolles ſoit preſtre, & que le caractere luy ſoit imprimé,

48 1046 868 51 pour muer le pain & en faire vn Dieu:en quoy biẽ monſtrẽt leur cas eſtre fon¬

46 1074 871 54 dé ſur neige & ſur la ſable : car ſelon leur doctrine meſmes tous ceux qui oyẽt

46 1105 870 52 meſſe & adorẽt le ſacremẽt, ſont en dangier d’eſtre idolatres, ainſi que vraye¬

46 1134 868 54 mẽt ilz le ſont, cõme cõtiẽt la parole de Dieu. Car ilz ne ſauẽt ſi celuy qui chã

45 1166 869 53 te eſt preſtre, ne quelle intẽtion il ha:car autre ne la ſait que Dieu, des parolles

43 1196 871 60 ilz ne ſauẽt auſsi,veu qu'elles ſont dictes que perſonne ne les oyt & entẽd. Et

24 302 27 27 o.

20 313 41 46 nor.

20 350 41 44 iorũ

23 390 29 44 ii.

26 730 25 46 8.

26 774 25 46 6.

837 1247 78 39 à rien
