991 1536
303 108 407 63 En grand detreſſe.

93 161 479 46 Qu' s'eſlieue, ſera humilié. Matthieu. 23.

91 198 849 45 Le Pape s’eſt eſleué ſur tous, il ſera abiſmé plus bas que tous. Ton orgueil

63 230 876 43 eſt abbatu iuſques aux enfers. Comment es tu tombé lucifer, ſortant au ma¬

64 260 875 42 tin? es tu rué à terre, qui auois puiſſance ſur les gens? Et neantmoins tu pen¬

64 290 876 44 ſois en ton cœur: Ie monteray es Cieux, ie eſleueray mon ſiege ſur les Eſtoil¬

64 322 877 41 les du Ciel, ie m’aſſerray ſur la montaigne du teſtament, d’ou vient le vent, ie

65 351 876 42 paſſeray l’hauteur des nuees,& ſeray ſemblable au treshautain. Maintenant

64 381 738 43 es tu abattu en enfer iuſques au profond de l’abiſme.. Eſaye. 14.

92 411 848 47 Elle eſt cheute, elle eſt cheute la grand Babylone, & eſt faicte habitation

64 441 303 41 des diables. Apocalip. 18.

93 471 848 46 Et la Beſte fut prinſe, & auec elle le faux prophete qui à faict les ſignes de¬

65 500 874 48 uant luy, par leſquelz il à ſeduict ceux qui ont prins la marcque de la beſte, &

66 533 872 45 qui ont adoré ſon image. Ces deux ont eſté enuoyez tout vifz dedãs l’eſtang

65 562 876 48 du feu ardant, & de ſoulfre. Et les autres ont eſté occis par le glaiue lequel

67 592 860 48 procedoit de la bouche de celuy qui eſtoit aſsis ſur le cheual. Apocalipſe.19.

81 625 861 44 Et adoncques ſera manifeſté iceluy inique lequel noſtre Seigneur Ieſus

64 653 879 46 occira de L’eſprit de ſa bouche, & deſtruira par la ſplendeur de ſon aduene¬

64 686 877 47 ment celuy duquel l’auenement eſt ſelon l’operation de Satan, en toute puiſ¬

65 715 877 45 ſance, & ſignes, & miracles de menſonge, & en toute ſeduction d’iniquité

65 745 876 45 à ceux qui periſſent: pourcequ’ilz n’ont point receu la dilection de Verité:à

64 776 876 43 fin qu’ilz fuſſent ſauuez. Pource Dieu leur enuoyera operation d’erreur, pour

64 806 876 48 croire à menſonges: à fin que tous ſoyent iugez, qui n’ont point creu à Verité,

65 835 519 54 mais ont conſenty à iniquité.2. Theſſaloni.2.

849 867 84 54 S'il eſt
