999 1536
130 111 722 63 Aux Lecteurs Epiſtre proffitable.

51 166 146 177 S

203 165 728 48 Il eſt ainſi que ſelõ le commandemẽt de Dieu, nous ſommes tenus de rame¬

201 202 726 40 ner à nostre ennemy ſon aſne qui erre, vrayement iceluy eſt fort inhumain,

201 230 727 42 cruel, & hors de Dieu, qui pẽſe n’estre point tenu autant à ſauuer le corps

200 261 728 41 de ſon amy, & encore plus de taſcher à retirer d’erreur dãnable, l'ame de ſon

202 292 726 44 frere, faicte à l’image & ſemblance de Dieu, rachetee du precieux ſang de

51 323 877 42 nostre ſauueur Ieſus, laquelle choſe pẽſant mes treſchiers freres, vous ay voulu rẽdre ce l'iure

49 354 879 41 en frãcoys, à ceste cauſe ſeulemẽt, que ayez cõgnoiſſance du treſdoux & treſamiable Ieſus,

52 382 871 46 qui à porté tous noz pechez, & ſatisfaict pour nous, payant toutes les choſes, que nous de¬

52 413 869 43 uions à cauſe de noz fautes, par lequel ſeul & non autre ſommes ſauueZ, & iustiſiez, &

52 442 868 46 ſanctiſiez: car il eſt nostre ſapiẽce, iustice, ſanctificatiõ, & redẽption. Lequel ne nous de¬

52 474 871 43 mande autre choſe, ſinon que nous ayons plaine foy & fiãce en luy, par laquelle nous aurons

52 501 872 45 charité & dilection, laquelle eſt la fin, la plenitude, & laccompliſſemẽt de la loy: car ne peut

52 532 875 48 estre que du tout on ne ſe fie en luy, & qu’on ne l'ayme, ſi lon ne le congnoit: car en ce eſt la

53 563 873 46 vie eternelle, & il eſt congneu quand on entend & congnoit ſes grandz & merueilleux be¬

54 594 873 46 nefices, que nostre bon Seigneur & Sauueur Ieſus, nous à faict par ſon ſang, nous nettoyãt

55 623 872 47 de tous noz pechez, leſquelz il à prins & porté ſur ſoy, ſoy dõnant à nous:afinque par luy,

55 654 873 47 ſoyons enfans & heretiers de Dieu, heretiers auec Ieſus, la ou nous eſtiõs enfans d'yre & du

55 685 873 44 diable, & heritiers d'enfer & de dãnation, lequel ne nous demande n’or n’argent: mais nous

56 712 873 48 donne tout, nous remettãt le grãd fardeau de la loy, par laquelle perſonne n’a peu estre iuſti¬

57 744 873 47 fié ne ſauue, deſirãt ſur tout que de bon cœur nous receuiõs ſes beneſices, & graces, & ſalut:

55 773 873 49 ainſi qu’il eſt contenu en la ſaincte Eſcriture, laquelle nous mõſtre Ieſus Chriſt noſtre ſau¬

58 805 873 47 ueur, ſi treſdoux & ſi treſamyable, que tous qui l’entendent ſont tireZ à l’aymer, & certes

56 832 878 50 toute haine de Ieſus vient pourtãt qu’il n'eſt pas congneu, ne la ſaincte Eſcriture, ainſi qu’il

57 863 875 50 appartiẽt bien declaree. Cela eſt ce q’ua taſché ſon aduerſaire l'hõme de peché, qui nous à ſe¬

57 895 873 47 duict iuſques à preſent, cõme icy appert, non pas par choſes cõtrouees: mais par ſes decretz, &

58 925 874 46 canõs, qui ſont parauãt alleguez, qui de tout repugnent à l’amitie de Ieſus cõme clerement

58 954 874 48 on peut veoir conferant la ſaincte Eſcriture auec eux, car l’on veoit bien que toute ſon in¬

58 983 876 49 tẽtiõ eſt de cercher, ſa gloire & de mettre les chrestiẽs en toute ſeruitude,& par tous moyẽs

57 1008 874 53 deſroberle mõde:la ou Ieſus ne cerche que la gloire de ſon pere, & nous mettre en l'iberté &

59 1041 873 55 frãchiſe deſprit, en repos de cõſciẽce, & toute aſſeurãce de ſalut. Ie voꝰ prie pẽſez quel moyẽ

58 1073 872 52 euſt peu trouuer le Pape & les ſiens, pour decepuoir le monde & le piller, qu’il n’a trouue.

59 1104 874 50 N’a il pas faict que tous princes, roys, empereurs, auſquelz il doit eſtre ſubiect, ſoyẽt ſes ſer¬

59 1134 873 51 uiteurs toute la iuſtice qu'eſt en chrestiẽte ne luy eſt elle ſubiecte? qui eſt entre les chreſtiẽs,

59 1164 873 52 duquel luy & les ſiẽs n’aye piece ou lopin, pour entretenir ſon orgueil de Lucifer, & ſa treſ¬

60 1195 872 63 execrable paillardiſe? & pourtãt vrays chreſtiẽs retournez au bening sauueur Ieſus, &

943 156 29 52 Ex

936 327 37 62 Eſa

934 421 41 44 A

932 460 44 35 1.Co

934 490 43 35 Rom

935 519 38 36 1.T

937 548 39 33 Gal

938 574 39 38 Ieh◊

938 605 39 37 1.Ie

940 642 36 33 Gal

939 669 37 31 Rom

944 701 26 37 Ep◊

940 727 36 38 Rom

941 759 34 32 Ga

941 786 34 38 Ma

943 1011 30 53 Ieh

660 1223 283 49 L 3 laiſſeZ
