992 1536
349 114 302 59 Aux Lecteurs

68 169 878 43 laiſſez ce cruel deſtructeur Antechriſt. Prenez le S. Euãgile de Ieſus & ſa ſaincte parolle.

69 203 876 39 Laiſſez ce puant Pape & ſon eſcoule. Car par luy tout eſt ſur terre perdu & gasté. Par

68 232 878 38 luy Allemaigne eſt troublee. France eſt deſolee. Dãnemarche destruicte. Angleterre ſe¬

66 264 881 38 duicte. Eſpagne mangee. Italie gastee. Hungrie captiue. Pollogne chetiue. Eſcorſe gourmã¬

66 293 880 44 dee. Boeme tormentee. Naples abuſee. Grece ſeparee. Les mariages faucement rõpus. Momes

66 325 880 41 ordement polluz. Nonnais au corps & l’ame perdues,& à toute ordure vendues. Seigneurs

66 355 879 40 abbatus. Ruffiens au deſſus. Marchãs deuorez. Mechãs honnorez. Laboureurs eſcorchez.

69 384 876 46 Oyſifz engreſſez. Filz & filles tollus, & es bourdeaux du Pape reclus. Iuſtice des iuſtes

66 416 879 42 ostee, & aux iniques donnee. Le mal pour bien vendu. Et bien faire defendu. Les paoures

66 447 878 38 ames captiues. Les corps à tous maux liurez. Le regne de Ieſus destruict. Et celuy de Sa¬

66 477 879 38 tan introduict. O Ieſus ragarde labominatiõ, de l'ord filz de perdition. Helas Seigneur ceſſe

66 509 879 39 ton ire. Et de ce mal ſi nous deliure. Enuoye ton puiſſant Eſprit, par qui ceſt inique ſoit de¬

66 539 879 44 ſtrict. Et ayes de nous compaſion, nous donnant ta benedictiõ: Et nous enſeigne par l'vn¬

66 570 879 40 ction de ton S. Eſprit afin que nous puißions eſtre deliurez d’vne tant horrihle Sodome: &

66 600 878 40 qu'en la clarte & lumiere de ta ſaincte & eternelle verité nous puißiõs tellemẽt cheminer,

66 630 877 43 que nous ſoyons gardez & preſeruez de tãt de fauſes erronees, perileuſes, infideles & per¬

64 661 880 38 nicieuſes oeuures & doctrines, traditions & inuentiõs humaines, deſquelles leſcripture teſ¬

64 692 880 42 moigne aſſez en pluſieurs lieux qu’en legliſe u’y à pas de plus cruelle & horrible peſte, que

63 722 879 41 telz ſeruices volontaires. Par leſquelz finablemẽt quand on à bien tracaſſe, les conſciences

62 754 879 40 demeurẽt en telle perplexité, que au dernier, cõme incertaines de toutes choſes, perdẽt la foy,

64 784 879 42 la parolle de vie, & Dieu außi. Mais la cauſe pourquoy ce grand Antechriſt, plus dur que

63 814 878 42 fer, & tous ſes ſuppos ne ſont pas eſmeuz à mettre pollice à telz grãdz & infinis dãgiers,

64 845 877 41 & ne leur chaut des larmes ſouſpirs & gemiſſemẽs des paourer ames affligees, & le reuenu,

63 876 878 41 l'argẽt, & leur bourſe: car il craignẽt que leurs biens tẽporelz, & leur puiſſance ne dimi¬

63 910 880 38 nue. Et pour mieux endormir le paoure monde, & pour bien faire leur beſongne, ilz ont

63 938 878 41 prins vn ſeul argumẽt, ſur lequel ilz ſe fondẽt: cõme ſur leur pierre: ceſtuy eſt appelé la bon

62 970 878 36 ne intentiõ, & la foy de legliſe. Dõnant par cela à entẽdre, au paoure monde de leur gergon

59 997 880 44 tout abesty, que tout ce qui eſt faict en la foy & intẽtiõ de legliſe, qu’il eſt droictemẽt fait.

64 1031 875 40 Pourtãt affermẽt ilz & diſent, que eux auec leur Pape,ne peuuẽt errer, & par ainſi tout

61 1059 878 43 ce qu'il leur plaiſt eſt bon & licite: car ilz le diſent eſtre faict en la foy & intẽtiõ de legliſe.

62 1092 877 41 Et cõme ilz diſent legliſe ne peut errer. Aſſauoir ſi legliſe peut errer, ou nõ, pour le preſent

60 1122 879 42 ie men deporte. Sinon, que ie dis que leur egliſe eſt legliſe des malings, legliſe des iniques,

61 1151 878 43 Sinagogue de Satã, ſiege de toute perditiõ. Et encore quand ainſi ſeroit qu'elle ſeroit vraye

60 1181 878 45 egliſe de Dieu, ce que iamais hõme fidele ne pourroit eõfefſer. Si errẽt ilz trop lourdement:

58 1212 881 53 car en ce qu’ilz diſent, il ne metẽt point de difference, entre errer, & demeurer en erreur.

874 1244 65 40 Errer
