986 1536
412 95 178 63 Epiſtre.

69 154 872 42 lement qu’en L’egliſe n’y aye autre chief que Ieſus, qu’on ne tienne autre choſe

70 185 871 42 que ce qu’il a ordonné purement & ſimplement: ainſi que ſes bons ſeruiteurs

67 214 534 42 les ſainctz Apoſtres & Euangeliſtes ont preſché.

94 244 811 41 Le bon plaiſir du Seigneur de tous, qui tout a faict, ſoit par ſa bonté,

120 279 757 37 enuoyer par toute la terre, vrays annunciateurs du Sainct Euan¬

152 305 702 42 gile, qui ſainctement & purement preſchent la verité, cõme le

179 334 645 41 vray Sauueur Ieſus, à cõmandé, ſans y riens meſler, faiſant

209 365 578 42 que tous prennent la verité & que tous ſoyõs ame¬

223 395 560 43 nez au troupeau de leſus, faictz tous vn troupeau

262 424 474 42 de Ieſus, qui ſoit le ſeul paſteur regnant

284 455 427 41 au cœur de tous par le Sainct Eſprit,

314 484 368 43 qui nous ameine & cõduiſe tous

356 514 292 50 par le droict chemin iuſ¬

424 545 157 42 ques à la fin.

447 574 93 41 Amen.

637 625 301 67 A3 Chriſt
