<?xml version="1.0" encoding="UTF-8"?>
<alto xmlns:xsi="http://www.w3.org/2001/XMLSchema-instance"
      xmlns="http://www.loc.gov/standards/alto/ns-v4#"
      xsi:schemaLocation="http://www.loc.gov/standards/alto/ns-v4# http://www.loc.gov/standards/alto/v4/alto-4-2.xsd">
  <Description>
    <MeasurementUnit>pixel</MeasurementUnit>
    <sourceImageInformation>
      <fileName>90_b39b6_default.jpg</fileName>
      <fileIdentifier>https://luna.manchester.ac.uk/luna/servlet/iiif/Manchester~91~1~425957~192597page90/full/full/0/default.jpg</fileIdentifier>
    </sourceImageInformation>
  </Description>
  <Tags>
    <OtherTag ID="BT8" LABEL="DamageZone" DESCRIPTION="block type DamageZone"/><OtherTag ID="BT10" LABEL="DropCapitalZone" DESCRIPTION="block type DropCapitalZone"/><OtherTag ID="BT11" LABEL="GraphicZone" DESCRIPTION="block type GraphicZone"/><OtherTag ID="BT12" LABEL="MainZone" DESCRIPTION="block type MainZone"/><OtherTag ID="BT13" LABEL="MarginTextZone" DESCRIPTION="block type MarginTextZone"/><OtherTag ID="BT15" LABEL="NumberingZone" DESCRIPTION="block type NumberingZone"/><OtherTag ID="BT17" LABEL="QuireMarksZone" DESCRIPTION="block type QuireMarksZone"/><OtherTag ID="BT18" LABEL="RunningTitleZone" DESCRIPTION="block type RunningTitleZone"/><OtherTag ID="BT20" LABEL="StampZone" DESCRIPTION="block type StampZone"/><OtherTag ID="BT21" LABEL="TableZone" DESCRIPTION="block type TableZone"/><OtherTag ID="BT22" LABEL="TitlePageZone" DESCRIPTION="block type TitlePageZone"/><OtherTag ID="BT886" LABEL="MarginTextZone:handwrittenAddition" DESCRIPTION="block type MarginTextZone:handwrittenAddition"/>
    <OtherTag ID="LT8" LABEL="DefaultLine" DESCRIPTION="line type DefaultLine"/><OtherTag ID="LT9" LABEL="DropCapitalLine" DESCRIPTION="line type DropCapitalLine"/><OtherTag ID="LT10" LABEL="HeadingLine" DESCRIPTION="line type HeadingLine"/><OtherTag ID="LT11" LABEL="InterlinearLine" DESCRIPTION="line type InterlinearLine"/><OtherTag ID="LT433" LABEL="default" DESCRIPTION="line type default"/>
  </Tags>
  <Layout>
    <Page WIDTH="999"
          HEIGHT="1536"
          PHYSICAL_IMG_NR="90"
          ID="eSc_dummypage_">
      <PrintSpace HPOS="0"
                  VPOS="0"
                  WIDTH="999"
                  HEIGHT="1536">
        <TextBlock HPOS="277"
                   VPOS="119"
                   WIDTH="428"
                   HEIGHT="63"
                   ID="eSc_textblock_a573665d"
                   TAGREFS="BT18">
          <Shape><Polygon POINTS="277 119 277 182 705 182 705 119"/></Shape>
          <TextLine ID="eSc_line_398a5b76"
                    TAGREFS="LT10"
                    BASELINE="282 164 699 161" 
                    HPOS="281"
                    VPOS="116"
                    WIDTH="418"
                    HEIGHT="65">
            <Shape><Polygon POINTS="672 128 671 127 661 116 657 116 653 116 639 122 625 116 623 116 616 116 606 125 604 127 600 125 578 116 572 116 563 116 555 116 546 116 541 116 532 123 527 128 500 124 499 124 498 124 488 129 405 129 395 120 391 116 390 116 389 116 388 116 366 119 348 122 290 117 290 118 281 120 282 164 282 173 297 171 300 173 310 180 311 180 312 180 313 181 344 181 344 180 345 180 366 173 370 171 406 170 414 173 435 180 436 180 437 180 479 180 480 180 481 180 490 173 496 168 508 173 513 174 514 174 515 174 520 173 531 169 542 173 549 174 550 174 565 173 594 168 602 173 608 175 609 175 610 175 611 175 621 173 636 168 697 172 699 161 697 132 692 128"/></Shape>
	    <String CONTENT="Epiſtre proffitable."
                    HPOS="281"
                    VPOS="116"
                    WIDTH="418"
                    HEIGHT="65"
                    WC="0.9980206340551376"></String>
          </TextLine>
        </TextBlock>
        <TextBlock HPOS="41"
                   VPOS="179"
                   WIDTH="892"
                   HEIGHT="1079"
                   ID="eSc_textblock_e51db501"
                   TAGREFS="BT12">
          <Shape><Polygon POINTS="41 182 41 1258 924 1239 929 267 933 179"/></Shape>
          <TextLine ID="eSc_line_211157c6"
                    TAGREFS="LT8"
                    BASELINE="52 204 928 197" 
                    HPOS="51"
                    VPOS="173"
                    WIDTH="877"
                    HEIGHT="42">
            <Shape><Polygon POINTS="922 179 913 179 905 179 896 178 888 178 880 178 879 178 870 178 687 178 674 173 673 173 672 173 671 173 671 173 661 179 660 180 634 180 630 180 609 174 608 174 607 174 607 174 589 180 587 180 572 180 473 177 473 177 435 180 422 181 414 180 377 175 376 175 340 181 330 182 312 181 246 176 239 177 234 177 174 182 146 184 135 182 117 179 111 179 102 179 101 179 55 182 51 187 52 204 52 215 927 208 928 197 926 179 922 179"/></Shape>
	    <String CONTENT="Errer ne nuyt point pour le final ſalut: mais nuyroit trop demeurer en erreur: &amp; pourtant"
                    HPOS="51"
                    VPOS="173"
                    WIDTH="877"
                    HEIGHT="42"
                    WC="0.9946592517113417"></String>
          </TextLine>
          <TextLine ID="eSc_line_8e3831c1"
                    TAGREFS="LT8"
                    BASELINE="52 234 927 226" 
                    HPOS="51"
                    VPOS="204"
                    WIDTH="876"
                    HEIGHT="44">
            <Shape><Polygon POINTS="52 234 52 243 87 242 95 243 122 248 122 248 123 248 133 243 136 241 243 241 250 243 261 246 262 246 262 246 263 246 272 243 279 240 307 243 338 245 338 245 339 245 350 243 363 239 408 239 420 243 430 245 431 245 432 245 530 244 543 242 570 238 600 242 612 244 613 244 642 242 714 238 726 242 729 243 730 243 730 243 745 242 784 238 799 242 801 242 802 242 806 242 841 235 925 241 927 226 926 209 909 204 908 204 907 204 827 209 718 205 718 205 686 210 672 206 671 206 671 206 577 211 548 206 547 206 512 211 266 209 265 209 146 215 128 210 128 210 68 210 67 210 66 210 51 216 52 234"/></Shape>
	    <String CONTENT="ceste eſt vne verité infallible &amp; certaine que legliſe de Dieu ne peut demeurer en erreur. Ce"
                    HPOS="51"
                    VPOS="204"
                    WIDTH="876"
                    HEIGHT="44"></String>
          </TextLine>
          <TextLine ID="eSc_line_d1ef4b44"
                    TAGREFS="LT8"
                    BASELINE="51 265 905 259 922 261" 
                    HPOS="48"
                    VPOS="230"
                    WIDTH="872"
                    HEIGHT="50">
            <Shape><Polygon POINTS="49 264 49 280 131 273 203 279 221 272 335 277 397 271 566 276 577 270 919 270 920 259 919 236 803 230 795 236 756 231 623 238 560 231 527 239 389 232 380 240 222 234 48 240 49 264"/></Shape>
	    <String CONTENT="que Ieſus Chriſt à bien donné à entẽdre quãd il à dict. Tellement que les eſleux außi ſeront"
                    HPOS="48"
                    VPOS="230"
                    WIDTH="872"
                    HEIGHT="50"></String>
          </TextLine>
          <TextLine ID="eSc_line_8cf4f389"
                    TAGREFS="LT8"
                    BASELINE="50 296 922 289" 
                    HPOS="48"
                    VPOS="259"
                    WIDTH="872"
                    HEIGHT="46">
            <Shape><Polygon POINTS="788 259 787 259 773 267 772 267 753 267 618 262 617 262 550 268 513 262 512 262 511 262 498 268 487 262 486 262 485 262 484 262 434 270 339 263 338 263 336 263 320 271 249 264 248 264 190 272 180 266 179 266 178 266 83 266 81 266 80 266 48 273 49 295 49 305 890 298 918 303 920 288 918 266 790 259 788 259"/></Shape>
	    <String CONTENT="induictz à erreur, s’il eſt poßible. Dauãtage legliſe prie. Pardõne nous noz offenſes. Et en"
                    HPOS="48"
                    VPOS="259"
                    WIDTH="872"
                    HEIGHT="46"></String>
          </TextLine>
          <TextLine ID="eSc_line_3d667e34"
                    TAGREFS="LT8"
                    BASELINE="52 325 922 320" 
                    HPOS="49"
                    VPOS="296"
                    WIDTH="871"
                    HEIGHT="41">
            <Shape><Polygon POINTS="51 323 51 337 628 337 628 336 633 336 681 330 918 335 920 320 918 298 49 296 51 323"/></Shape>
	    <String CONTENT="cela elle cõfeſſe,non point par hyposriſie, mais en verité, &amp; à bon eßiẽt, qu&#x27;elle peche &amp; erre,"
                    HPOS="49"
                    VPOS="296"
                    WIDTH="871"
                    HEIGHT="41"></String>
          </TextLine>
          <TextLine ID="eSc_line_8f4cf570"
                    TAGREFS="LT8"
                    BASELINE="51 356 922 348" 
                    HPOS="48"
                    VPOS="326"
                    WIDTH="872"
                    HEIGHT="40">
            <Shape><Polygon POINTS="49 355 49 366 919 362 920 346 917 326 48 334 49 355"/></Shape>
	    <String CONTENT="mais certes les pecheZ luy ſont pardõneZ. Parquoy ne ſe faut apuyer ou fonder ſur les oeuures,"
                    HPOS="48"
                    VPOS="326"
                    WIDTH="872"
                    HEIGHT="40"></String>
          </TextLine>
          <TextLine ID="eSc_line_0124ee8b"
                    TAGREFS="LT8"
                    BASELINE="51 386 923 379" 
                    HPOS="50"
                    VPOS="356"
                    WIDTH="873"
                    HEIGHT="43">
            <Shape><Polygon POINTS="51 386 51 395 87 399 88 399 111 395 117 394 124 395 158 399 159 399 187 394 194 393 207 394 253 397 254 397 304 393 315 392 321 393 353 397 354 397 412 392 421 391 426 392 450 396 451 396 531 390 541 390 548 390 595 395 595 395 625 390 629 389 643 389 737 394 738 394 739 394 759 389 761 389 767 389 833 393 834 393 835 393 847 388 847 388 851 388 894 393 895 393 923 387 923 379 922 363 832 356 831 356 753 357 753 357 741 363 689 359 689 359 688 359 671 364 648 360 648 360 568 365 567 365 566 365 531 360 530 360 529 360 528 360 519 366 503 366 477 366 475 366 446 360 445 360 444 360 434 365 396 366 380 360 379 360 379 360 341 366 340 366 328 360 327 360 297 360 296 360 295 360 269 367 267 367 265 367 235 361 234 361 233 361 223 366 123 362 122 362 122 362 112 366 95 362 94 362 93 362 50 368 51 386"/></Shape>
	    <String CONTENT="ou ſur la foy &amp; intẽtion de creature qui ſoit, n’y au ciel n’y en la terre, quãd cela eſt hors, ou"
                    HPOS="50"
                    VPOS="356"
                    WIDTH="873"
                    HEIGHT="43"></String>
          </TextLine>
          <TextLine ID="eSc_line_f4f7e972"
                    TAGREFS="LT8"
                    BASELINE="52 418 274 413 924 409" 
                    HPOS="51"
                    VPOS="384"
                    WIDTH="873"
                    HEIGHT="45">
            <Shape><Polygon POINTS="52 418 52 429 166 428 167 428 177 423 229 427 231 427 232 427 234 427 292 422 341 426 347 426 348 426 356 426 411 421 418 425 419 425 420 425 420 425 425 425 457 421 504 424 523 425 524 425 541 424 579 420 596 424 604 424 605 425 640 425 640 424 641 424 645 423 653 419 923 419 924 409 922 384 897 389 870 385 870 385 869 385 853 391 829 388 829 388 765 392 751 387 750 387 749 387 748 387 736 393 666 393 651 388 648 387 647 387 646 387 645 387 642 388 628 394 569 394 546 389 531 387 531 387 530 387 525 389 516 394 465 390 426 388 425 388 409 391 392 395 347 392 292 389 291 389 269 393 268 393 263 393 174 389 173 389 172 389 160 395 156 396 140 395 108 391 107 391 106 391 96 395 93 396 87 395 64 392 64 392 63 392 51 395 52 418"/></Shape>
	    <String CONTENT="ſans la parolle de Dieu, de c’eſt article (dis ie) ie me deporte pour maintenãt, mais par l’ayde"
                    HPOS="51"
                    VPOS="384"
                    WIDTH="873"
                    HEIGHT="45"></String>
          </TextLine>
          <TextLine ID="eSc_line_d1c12962"
                    TAGREFS="LT8"
                    BASELINE="50 447 924 439" 
                    HPOS="49"
                    VPOS="415"
                    WIDTH="875"
                    HEIGHT="40">
            <Shape><Polygon POINTS="50 447 50 455 609 455 609 454 630 450 634 449 647 449 728 453 729 453 759 448 762 448 767 448 815 453 816 453 817 453 827 448 829 448 923 448 924 439 923 420 857 415 856 415 855 415 845 420 844 421 770 421 768 421 741 416 740 416 739 416 727 422 726 423 669 423 667 422 641 417 640 417 555 423 555 423 535 418 534 418 533 418 501 424 498 424 495 424 444 418 443 418 442 418 441 418 432 424 432 424 424 424 356 419 356 419 355 419 333 425 331 425 327 425 297 420 296 420 273 425 272 425 270 425 175 421 175 421 147 427 144 427 136 427 66 422 65 422 64 422 49 426 50 447"/></Shape>
	    <String CONTENT="de Dieu en parleray quelque autre foys. Neãtmoins pour ceste heure ie afferme à tout le mõ¬"
                    HPOS="49"
                    VPOS="415"
                    WIDTH="875"
                    HEIGHT="40"></String>
          </TextLine>
          <TextLine ID="eSc_line_82537b45"
                    TAGREFS="LT8"
                    BASELINE="51 477 924 470" 
                    HPOS="50"
                    VPOS="445"
                    WIDTH="874"
                    HEIGHT="45">
            <Shape><Polygon POINTS="51 477 51 484 111 490 111 490 157 484 163 484 163 484 174 489 175 489 175 489 250 484 271 483 350 483 353 484 363 488 364 488 365 488 385 484 391 483 403 484 434 488 435 488 465 484 488 482 514 484 540 487 541 488 594 488 594 487 595 487 602 484 612 481 643 481 650 484 653 486 654 486 654 486 655 486 730 485 731 485 732 485 734 484 741 480 794 484 813 485 814 485 815 485 817 484 829 479 847 484 850 484 851 484 852 484 858 484 897 480 923 483 924 470 923 449 902 446 901 446 885 449 875 451 866 449 848 445 847 445 823 449 808 453 730 453 723 449 712 446 712 446 711 446 662 450 627 453 619 450 611 447 610 447 609 447 608 447 601 450 599 451 587 450 555 448 554 448 553 448 548 450 541 454 509 454 502 450 496 448 495 448 494 448 469 451 441 454 425 451 414 448 413 448 400 451 383 454 373 451 368 449 367 449 315 449 314 449 313 449 309 451 299 456 265 456 191 452 160 450 159 450 158 450 151 452 133 457 50 453 51 477"/></Shape>
	    <String CONTENT="de que ceste foy &amp; intentiõ de laquelle parlent ainſi ſouuẽt ces grãdZ cornus, eſt la foy des"
                    HPOS="50"
                    VPOS="445"
                    WIDTH="874"
                    HEIGHT="45"
                    WC="0.9880377681305011"></String>
          </TextLine>
          <TextLine ID="eSc_line_7ac7889a"
                    TAGREFS="LT8"
                    BASELINE="51 511 267 504 923 500" 
                    HPOS="50"
                    VPOS="476"
                    WIDTH="873"
                    HEIGHT="45">
            <Shape><Polygon POINTS="51 511 51 521 130 516 141 520 144 521 145 521 146 521 146 521 151 520 170 515 203 519 211 520 212 520 221 519 251 514 346 517 385 518 385 518 401 517 432 512 442 516 446 517 447 517 448 517 456 516 472 512 486 515 498 517 499 517 511 515 528 512 574 514 619 517 619 517 620 517 632 513 642 511 650 513 659 516 660 516 660 516 661 516 668 513 673 511 721 512 802 515 803 515 804 515 817 511 823 509 836 511 862 514 863 514 923 509 923 500 921 481 849 481 838 476 837 476 836 476 835 476 813 482 811 482 804 482 740 477 739 477 717 482 715 482 714 482 705 477 704 477 703 477 702 477 681 482 680 482 677 482 578 479 577 479 549 483 527 478 526 478 525 478 471 483 439 479 438 479 438 479 437 479 428 484 391 480 391 480 390 480 389 480 380 485 360 480 359 480 358 480 357 480 339 485 253 481 252 481 226 487 146 482 145 482 50 488 51 511"/></Shape>
	    <String CONTENT="ypocrites qu’ilZ ont trouue hors &amp; ſans la parolle de Dieu, pour eux meſmes, pour leur gai¬"
                    HPOS="50"
                    VPOS="476"
                    WIDTH="873"
                    HEIGHT="45"></String>
          </TextLine>
          <TextLine ID="eSc_line_4181ae5f"
                    TAGREFS="LT8"
                    BASELINE="53 537 923 529" 
                    HPOS="52"
                    VPOS="508"
                    WIDTH="871"
                    HEIGHT="43">
            <Shape><Polygon POINTS="53 537 53 551 110 546 125 550 126 550 127 550 128 550 150 545 245 549 245 549 289 544 339 548 340 548 379 543 461 546 461 546 462 546 473 542 535 546 536 546 537 546 537 546 546 541 606 546 607 546 730 540 922 543 923 529 921 512 822 512 808 508 807 508 806 508 771 512 749 508 748 508 747 508 728 513 717 509 716 509 715 509 680 513 555 510 555 510 484 514 464 511 463 511 437 516 408 512 408 512 369 516 357 512 356 512 356 512 277 512 276 512 267 517 246 512 245 512 221 517 181 514 181 514 52 519 53 537"/></Shape>
	    <String CONTENT="gnage &amp; auarice: laquelle tant malleureuſe &amp; pernicieuſe inuentiõ aornẽt &amp; decorent par"
                    HPOS="52"
                    VPOS="508"
                    WIDTH="871"
                    HEIGHT="43"></String>
          </TextLine>
          <TextLine ID="eSc_line_48ebe64c"
                    TAGREFS="LT8"
                    BASELINE="52 570 257 564 923 560" 
                    HPOS="52"
                    VPOS="536"
                    WIDTH="871"
                    HEIGHT="46">
            <Shape><Polygon POINTS="52 570 52 582 76 578 197 581 232 581 233 581 240 580 272 574 309 578 316 579 317 579 324 578 359 573 414 576 449 579 449 579 490 578 490 578 496 576 502 572 513 575 525 578 525 578 526 578 546 575 564 571 600 574 654 577 655 577 656 577 670 572 676 570 682 572 693 576 694 576 695 577 730 577 730 576 794 570 806 570 813 570 862 576 863 576 864 576 876 569 877 569 880 569 899 573 900 574 900 573 923 568 923 560 921 541 807 541 789 536 788 536 788 536 765 541 730 536 730 536 683 541 666 536 665 536 664 536 618 542 578 537 577 537 538 543 476 538 475 538 474 538 458 544 454 544 283 540 282 540 253 546 224 541 223 541 222 541 222 541 212 546 181 546 154 541 153 541 52 547 52 570"/></Shape>
	    <String CONTENT="grãd blaſpheme de ce noble, beau &amp; magnifique, nom de la ſaincte egliſe de Dieu, &amp; tou¬"
                    HPOS="52"
                    VPOS="536"
                    WIDTH="871"
                    HEIGHT="46"></String>
          </TextLine>
          <TextLine ID="eSc_line_d71c700d"
                    TAGREFS="LT8"
                    BASELINE="52 599 363 593 923 591" 
                    HPOS="51"
                    VPOS="567"
                    WIDTH="872"
                    HEIGHT="44">
            <Shape><Polygon POINTS="52 599 52 606 156 611 157 611 186 606 194 605 214 606 276 610 277 610 278 610 292 606 297 605 312 606 348 610 349 610 350 610 362 605 370 604 384 605 400 608 401 608 422 605 439 604 445 605 454 609 455 609 455 609 519 608 520 608 527 605 534 603 561 605 585 607 586 607 625 605 689 601 718 605 732 606 733 606 743 605 763 601 781 605 790 606 791 606 792 606 795 605 803 600 811 605 812 605 812 605 813 605 814 605 815 605 826 600 921 604 923 591 921 572 892 567 891 567 841 572 841 572 840 572 732 568 731 568 730 568 719 574 619 574 595 570 594 570 545 575 544 575 503 570 502 570 432 576 424 570 423 570 422 570 369 570 368 570 264 577 262 577 261 577 192 572 192 572 114 578 100 573 99 573 99 573 51 579 52 599"/></Shape>
	    <String CONTENT="tesfoys n&#x27;eſt riẽ moins que la foy de la ſaincte egliſe ains eſt pure inuentiõs ſonge &amp; tradition"
                    HPOS="51"
                    VPOS="567"
                    WIDTH="872"
                    HEIGHT="44"></String>
          </TextLine>
          <TextLine ID="eSc_line_e9911fc7"
                    TAGREFS="LT8"
                    BASELINE="52 630 317 624 921 621" 
                    HPOS="51"
                    VPOS="598"
                    WIDTH="870"
                    HEIGHT="43">
            <Shape><Polygon POINTS="52 630 52 641 154 635 299 639 300 639 426 634 450 638 451 638 452 638 453 638 468 633 642 636 646 636 647 636 648 636 719 631 750 635 751 635 752 635 753 635 772 630 812 634 813 634 866 629 919 634 921 621 919 602 763 598 762 598 761 598 760 598 753 602 752 603 742 603 689 599 689 599 660 603 652 604 631 603 560 599 560 599 522 604 510 605 497 604 459 600 458 600 394 601 393 601 386 605 384 605 367 605 336 602 335 602 334 602 329 605 325 607 273 607 269 605 265 602 264 602 263 602 262 602 262 602 251 605 242 607 220 605 197 603 196 603 195 603 194 603 191 605 187 607 175 605 159 603 158 603 157 603 157 603 153 605 147 608 51 606 52 630"/></Shape>
	    <String CONTENT="fardee &amp; coulouree du grand nom &amp; du ſaint mot de legliſe, pour mieux ſeduire, deceuoir,"
                    HPOS="51"
                    VPOS="598"
                    WIDTH="870"
                    HEIGHT="43"></String>
          </TextLine>
          <TextLine ID="eSc_line_9d273782"
                    TAGREFS="LT8"
                    BASELINE="51 658 924 651" 
                    HPOS="50"
                    VPOS="627"
                    WIDTH="874"
                    HEIGHT="44">
            <Shape><Polygon POINTS="51 658 51 665 95 671 96 671 123 666 137 671 138 671 139 671 165 666 192 670 193 670 194 670 210 665 212 664 277 664 285 665 309 669 310 669 333 665 339 664 363 665 431 669 432 669 432 669 433 669 438 665 442 663 447 665 458 669 459 669 460 669 461 669 472 665 478 663 521 665 586 668 587 668 599 665 613 662 684 665 714 666 715 666 716 666 717 666 718 665 725 661 752 665 761 666 762 666 775 665 815 660 838 665 841 665 842 666 893 666 893 665 894 665 895 665 895 664 902 661 923 664 924 651 923 633 905 627 904 627 903 627 902 627 888 633 887 634 779 634 778 634 771 629 771 629 770 629 769 629 736 634 725 628 724 628 724 628 723 628 703 634 701 634 699 634 665 628 664 628 638 634 637 635 566 635 566 635 551 629 550 629 549 629 549 629 533 634 522 629 521 629 520 629 497 634 454 630 453 630 452 630 436 635 377 630 376 630 375 630 358 634 338 631 337 631 336 631 323 637 321 637 251 633 251 633 250 633 249 633 240 638 237 638 182 632 181 632 181 632 158 639 156 639 149 639 70 633 70 633 69 633 50 639 51 658"/></Shape>
	    <String CONTENT="abuſer &amp; trõper tout le monde. Cõme quãd le Pape &amp; ſes Eueſques propoſent aux peuples"
                    HPOS="50"
                    VPOS="627"
                    WIDTH="874"
                    HEIGHT="44"></String>
          </TextLine>
          <TextLine ID="eSc_line_dcfe45a5"
                    TAGREFS="LT8"
                    BASELINE="52 689 923 681" 
                    HPOS="51"
                    VPOS="657"
                    WIDTH="872"
                    HEIGHT="45">
            <Shape><Polygon POINTS="52 689 52 699 124 702 125 702 151 699 180 696 210 698 239 701 239 701 240 701 251 698 264 695 290 695 296 698 299 700 300 700 301 700 302 700 318 698 333 696 359 698 385 699 386 699 387 699 391 698 397 695 404 698 412 699 413 699 414 699 433 697 453 695 484 697 514 698 514 698 515 698 522 697 536 692 653 692 703 695 727 697 728 697 736 695 755 691 804 694 824 696 825 696 826 696 827 696 829 694 835 690 858 694 864 695 864 695 923 693 923 681 921 663 877 663 876 663 864 657 864 657 863 657 828 663 823 664 749 664 745 664 730 658 729 658 728 658 727 658 712 664 711 665 663 665 631 665 618 660 617 660 616 660 575 665 541 660 540 660 539 660 526 666 525 666 490 661 490 661 442 666 342 662 341 662 340 662 324 668 324 669 318 669 281 669 245 663 244 663 145 669 78 664 77 664 51 670 52 689"/></Shape>
	    <String CONTENT="ceste puante &amp; infame marchãdiſe de pardõs pour les vendre, n’ayãtZ autre regard que à"
                    HPOS="51"
                    VPOS="657"
                    WIDTH="872"
                    HEIGHT="45"
                    WC="0.9830953492058648"></String>
          </TextLine>
          <TextLine ID="eSc_line_2880067b"
                    TAGREFS="LT8"
                    BASELINE="51 720 607 712 922 712" 
                    HPOS="50"
                    VPOS="686"
                    WIDTH="872"
                    HEIGHT="45">
            <Shape><Polygon POINTS="51 720 51 728 290 731 291 731 292 731 292 731 297 727 302 724 403 724 424 727 444 729 445 729 446 729 447 729 451 727 455 723 502 723 508 726 512 727 513 727 514 727 529 726 560 722 568 726 572 727 573 727 574 728 620 728 620 727 648 725 703 721 920 723 922 712 920 692 864 692 862 692 853 686 852 686 852 686 851 686 850 686 836 692 823 692 796 692 795 692 785 686 784 686 783 686 782 686 771 692 768 693 701 693 680 692 635 688 634 688 633 688 619 692 611 694 597 692 572 688 572 688 533 692 506 695 394 692 295 691 294 691 268 693 212 698 204 693 203 693 202 693 129 693 128 693 128 693 127 693 116 700 93 700 83 693 82 693 81 693 81 693 50 693 51 720"/></Shape>
	    <String CONTENT="la pecune, diſent qu’ilz font cela en la foy &amp; intẽtion de legliſe. Et ce titretãt excellent &amp;"
                    HPOS="50"
                    VPOS="686"
                    WIDTH="872"
                    HEIGHT="45"
                    WC="0.9661489271869262"></String>
          </TextLine>
          <TextLine ID="eSc_line_628a2395"
                    TAGREFS="LT8"
                    BASELINE="50 750 545 743 923 741" 
                    HPOS="49"
                    VPOS="717"
                    WIDTH="874"
                    HEIGHT="46">
            <Shape><Polygon POINTS="50 750 50 758 122 763 123 763 159 758 166 757 172 758 197 762 198 762 250 757 274 756 332 757 421 760 422 760 423 760 432 756 442 754 461 756 479 759 480 759 494 756 512 753 566 756 591 757 592 757 630 756 723 751 743 756 747 756 748 756 923 754 923 741 922 722 765 719 765 719 764 719 750 723 719 717 718 717 718 717 717 717 708 722 660 718 660 718 629 725 628 725 625 725 471 721 470 721 469 721 457 727 391 727 380 721 379 721 347 721 346 721 315 728 314 728 244 725 243 725 242 725 226 729 208 723 207 723 206 723 83 730 64 725 63 725 62 725 61 725 49 730 50 750"/></Shape>
	    <String CONTENT="digne egliſe, la foy &amp; intentiõ de legiſe, a eſpouuantetout le mõde, tellement que nul n&#x27;oſe"
                    HPOS="49"
                    VPOS="717"
                    WIDTH="874"
                    HEIGHT="46"></String>
          </TextLine>
          <TextLine ID="eSc_line_c6145121"
                    TAGREFS="LT8"
                    BASELINE="49 780 923 771" 
                    HPOS="48"
                    VPOS="748"
                    WIDTH="875"
                    HEIGHT="40">
            <Shape><Polygon POINTS="49 780 49 788 525 788 525 787 636 781 671 785 672 785 923 777 923 771 922 752 765 748 764 748 685 754 683 754 680 754 621 750 620 750 590 755 577 750 576 750 575 750 574 750 560 755 481 751 480 751 375 757 364 757 353 757 251 754 250 754 249 754 239 758 237 758 155 755 154 755 153 755 144 759 111 756 110 756 48 760 49 780"/></Shape>
	    <String CONTENT="cõtredire à telz imposteurs &amp; mais tres meſſongiers: car nul ne veut eſtre renõme de contre¬"
                    HPOS="48"
                    VPOS="748"
                    WIDTH="875"
                    HEIGHT="40"></String>
          </TextLine>
          <TextLine ID="eSc_line_d60f6b47"
                    TAGREFS="LT8"
                    BASELINE="52 812 339 805 923 802" 
                    HPOS="51"
                    VPOS="776"
                    WIDTH="872"
                    HEIGHT="45">
            <Shape><Polygon POINTS="52 812 52 821 184 817 190 820 193 821 194 821 195 821 252 820 263 819 279 816 292 819 304 820 305 820 317 818 331 815 400 817 477 819 478 819 496 815 508 814 513 815 519 818 520 818 521 818 522 818 532 815 539 814 583 814 689 817 689 817 777 812 794 811 806 811 870 815 871 815 923 809 923 802 921 776 871 783 759 779 733 778 732 778 731 778 728 779 719 783 706 779 705 779 704 779 703 779 700 779 665 785 656 780 653 779 652 779 625 779 625 779 585 781 535 786 505 786 496 783 487 780 486 780 485 780 470 784 461 785 452 784 434 780 433 780 432 780 418 785 414 786 342 787 338 786 326 781 325 781 324 781 238 787 227 784 226 784 225 784 224 784 210 788 206 789 204 788 183 783 182 783 181 783 181 783 162 789 161 789 160 789 114 784 113 784 51 791 52 812"/></Shape>
	    <String CONTENT="uenir à la volonté, aux ordõnances &amp; cõmandementz de legliſes Icy à esté ouuert vn grand"
                    HPOS="51"
                    VPOS="776"
                    WIDTH="872"
                    HEIGHT="45"></String>
          </TextLine>
          <TextLine ID="eSc_line_a7d687e8"
                    TAGREFS="LT8"
                    BASELINE="52 842 383 835 922 832" 
                    HPOS="51"
                    VPOS="811"
                    WIDTH="871"
                    HEIGHT="43">
            <Shape><Polygon POINTS="52 842 52 854 134 853 134 853 157 847 192 852 193 852 194 852 219 846 260 846 275 851 276 851 277 851 278 851 302 845 347 849 348 849 349 849 358 844 421 844 462 849 467 849 467 849 468 849 469 849 483 843 524 849 527 849 528 849 530 849 555 843 581 848 582 848 583 849 622 849 622 848 623 848 624 848 638 842 665 847 666 847 667 847 671 847 728 841 920 843 922 832 919 811 51 817 52 842"/></Shape>
	    <String CONTENT="huys à toutes erreurs &amp; abominatiõs: car quãd ce ſeur &amp; ferme fondement de la parolle de"
                    HPOS="51"
                    VPOS="811"
                    WIDTH="871"
                    HEIGHT="43"
                    WC="0.9856362978180686"></String>
          </TextLine>
          <TextLine ID="eSc_line_3839047c"
                    TAGREFS="LT8"
                    BASELINE="52 872 333 866 922 861" 
                    HPOS="52"
                    VPOS="837"
                    WIDTH="870"
                    HEIGHT="44">
            <Shape><Polygon POINTS="52 872 52 881 297 876 308 878 319 880 320 880 354 878 380 875 403 877 441 879 442 879 443 879 455 876 463 873 543 873 564 874 619 878 619 878 620 878 632 873 633 873 642 873 726 876 727 876 728 876 736 872 737 872 743 872 788 876 789 876 905 874 906 874 922 869 922 861 921 843 906 838 905 838 905 838 865 843 852 837 851 837 850 837 830 842 821 837 820 837 819 837 786 843 766 838 765 838 765 838 764 838 742 843 684 839 683 839 683 839 682 839 673 844 635 839 634 839 633 839 613 845 577 841 576 841 529 846 515 841 514 841 514 841 444 847 406 842 405 842 341 848 333 843 332 843 331 843 300 843 299 843 298 843 286 849 231 849 217 843 216 843 216 843 52 851 52 872"/></Shape>
	    <String CONTENT="Dieu eſt oste: cõment ne deſborderoyẽt pas incõtinent ces grãdz deluges &amp; proſondes abi¬"
                    HPOS="52"
                    VPOS="837"
                    WIDTH="870"
                    HEIGHT="44"></String>
          </TextLine>
          <TextLine ID="eSc_line_5fbe6354"
                    TAGREFS="LT8"
                    BASELINE="51 902 514 894 922 891" 
                    HPOS="50"
                    VPOS="867"
                    WIDTH="872"
                    HEIGHT="49">
            <Shape><Polygon POINTS="51 902 51 916 120 908 310 910 311 910 375 905 451 910 452 910 511 904 564 910 569 910 570 910 748 907 749 907 768 900 794 900 806 907 806 907 807 907 808 907 835 901 862 906 863 906 922 905 922 891 919 872 852 872 852 872 845 867 844 867 843 867 842 867 841 867 829 872 828 873 785 873 783 872 765 868 764 868 763 868 749 872 747 873 741 872 701 867 700 867 600 874 568 876 551 874 505 870 504 870 503 870 489 875 485 876 479 875 451 871 450 871 449 871 438 875 436 876 434 876 421 872 420 872 420 872 391 876 373 879 344 879 339 877 331 872 330 872 329 872 328 872 315 877 306 879 268 877 226 874 225 874 200 878 192 878 186 878 170 875 169 875 169 875 161 878 152 881 50 879 51 902"/></Shape>
	    <String CONTENT="ſmes de traditiõs humaines, derreurs, dereſies, de mẽſonges, dhypocriſie, dydolatrie, de cafar¬"
                    HPOS="50"
                    VPOS="867"
                    WIDTH="872"
                    HEIGHT="49"></String>
          </TextLine>
          <TextLine ID="eSc_line_8b8606d6"
                    TAGREFS="LT8"
                    BASELINE="51 932 616 923 919 925" 
                    HPOS="50"
                    VPOS="899"
                    WIDTH="869"
                    HEIGHT="46">
            <Shape><Polygon POINTS="51 932 51 945 270 937 327 942 327 942 369 936 488 940 489 940 490 940 490 940 565 934 917 935 919 925 917 901 820 903 812 901 798 899 797 899 796 899 783 902 777 904 771 902 761 900 760 900 759 900 724 903 703 905 673 904 612 901 611 901 610 901 597 905 593 906 576 906 502 902 501 902 500 902 489 907 486 907 473 907 417 903 416 903 373 908 371 908 369 908 346 904 345 904 285 909 203 907 202 907 201 907 200 907 193 911 171 907 170 907 169 907 151 911 63 907 62 907 61 907 50 912 51 932"/></Shape>
	    <String CONTENT="diſes &amp; reſueries? D’vn crime peut on congnoiſtre les autres. Dauãtage, les abominations,"
                    HPOS="50"
                    VPOS="899"
                    WIDTH="869"
                    HEIGHT="46"></String>
          </TextLine>
          <TextLine ID="eSc_line_36e73510"
                    TAGREFS="LT8"
                    BASELINE="52 964 483 954 918 954" 
                    HPOS="51"
                    VPOS="928"
                    WIDTH="867"
                    HEIGHT="45">
            <Shape><Polygon POINTS="52 964 52 970 193 973 194 973 211 970 221 967 227 969 234 972 235 972 236 973 284 973 284 972 285 972 292 969 299 966 343 969 378 971 379 971 406 968 449 965 510 968 519 968 520 968 521 968 522 968 531 964 586 964 598 967 602 969 603 969 604 969 654 968 655 968 658 967 667 963 678 967 682 968 683 968 683 968 684 968 688 967 703 962 718 967 719 967 720 967 721 967 730 967 797 961 806 966 806 966 807 966 808 966 812 966 882 961 917 965 918 954 917 933 863 928 862 928 861 928 841 933 786 929 785 929 701 934 690 930 689 930 689 930 688 930 687 930 679 935 619 931 618 931 617 931 601 936 601 936 441 937 428 933 427 933 426 933 403 937 368 933 368 933 367 933 356 938 355 938 289 934 288 934 178 936 177 936 176 936 169 940 58 936 58 936 57 936 56 936 51 939 52 964"/></Shape>
	    <String CONTENT="blaſphemes, &amp; hardieſſes de Satã ſont venues tant auant que par ſes leures venimeuſes &amp;"
                    HPOS="51"
                    VPOS="928"
                    WIDTH="867"
                    HEIGHT="45"></String>
          </TextLine>
          <TextLine ID="eSc_line_3d1c8dc6"
                    TAGREFS="LT8"
                    BASELINE="50 994 585 983 921 983" 
                    HPOS="49"
                    VPOS="958"
                    WIDTH="872"
                    HEIGHT="48">
            <Shape><Polygon POINTS="50 994 50 1006 120 1000 232 1004 234 1004 235 1004 239 1004 361 996 419 1001 421 1001 422 1001 423 1001 439 995 475 999 476 999 477 999 478 999 484 994 517 1000 518 1000 559 994 599 999 601 999 602 999 603 999 604 999 621 993 649 998 651 998 652 998 657 998 747 991 776 996 778 996 779 996 920 994 921 983 917 958 911 962 823 960 812 960 812 960 806 960 761 964 750 960 741 958 741 958 740 958 739 958 738 958 734 961 727 965 696 961 670 959 669 959 668 959 658 962 646 965 617 963 593 960 592 960 591 960 580 963 568 966 558 964 547 960 546 960 545 960 514 964 482 968 474 965 468 962 467 962 431 962 430 962 429 962 428 962 423 965 417 969 399 965 381 963 380 963 365 966 350 970 335 967 319 964 318 964 317 964 303 967 289 971 257 968 226 965 225 965 224 965 223 965 218 969 215 971 204 969 193 967 192 967 192 967 184 969 171 972 158 970 144 966 143 966 112 970 87 973 79 971 68 967 67 967 66 967 49 971 50 994"/></Shape>
	    <String CONTENT="fraudulẽtes, qui ſont ſes parleurs diniquité, non ſeulemẽt par obſcures &amp; couuertes parol¬"
                    HPOS="49"
                    VPOS="958"
                    WIDTH="872"
                    HEIGHT="48"></String>
          </TextLine>
          <TextLine ID="eSc_line_db49058a"
                    TAGREFS="LT8"
                    BASELINE="49 1024 643 1013 922 1015" 
                    HPOS="48"
                    VPOS="988"
                    WIDTH="874"
                    HEIGHT="47">
            <Shape><Polygon POINTS="49 1024 49 1029 132 1035 133 1035 134 1035 153 1029 204 1035 204 1035 205 1035 216 1029 217 1028 245 1028 255 1028 351 1033 352 1033 427 1026 443 1025 487 1025 489 1025 504 1031 505 1031 506 1031 507 1031 508 1031 516 1026 527 1030 528 1030 529 1030 530 1030 550 1025 551 1025 552 1025 600 1029 601 1029 629 1024 638 1023 645 1024 665 1029 666 1029 666 1029 680 1024 684 1023 701 1024 759 1028 760 1028 812 1026 812 1026 820 1023 823 1021 825 1023 831 1026 832 1026 833 1026 834 1026 921 1021 922 1015 920 993 801 994 800 994 770 988 769 988 695 995 691 995 687 995 638 990 637 990 593 996 573 990 572 990 572 990 506 996 499 992 498 992 497 992 496 992 409 997 391 993 391 993 390 993 389 993 363 1000 361 1000 358 1000 316 994 315 994 288 1000 254 994 253 994 252 994 234 1001 233 1001 226 1001 149 996 148 996 147 996 134 1002 134 1003 48 1003 49 1024"/></Shape>
	    <String CONTENT="les:ains publicquemẽt ont eſcript, preſché, &amp; enſeigné, que le Pape &amp; legliſe romaiue, ſont"
                    HPOS="48"
                    VPOS="988"
                    WIDTH="874"
                    HEIGHT="47"></String>
          </TextLine>
          <TextLine ID="eSc_line_cd3da39d"
                    TAGREFS="LT8"
                    BASELINE="50 1054 572 1044 920 1044" 
                    HPOS="49"
                    VPOS="1018"
                    WIDTH="871"
                    HEIGHT="49">
            <Shape><Polygon POINTS="50 1054 51 1067 72 1062 110 1066 111 1066 111 1066 112 1066 139 1061 171 1065 173 1065 174 1065 175 1065 186 1060 219 1064 220 1064 221 1064 224 1064 316 1058 385 1062 389 1062 390 1062 391 1062 407 1058 421 1062 423 1062 424 1062 425 1062 426 1062 427 1061 439 1057 467 1061 470 1061 471 1061 477 1061 515 1056 537 1059 542 1060 543 1060 543 1060 545 1059 554 1056 633 1058 653 1058 654 1058 658 1058 678 1053 713 1057 723 1058 724 1058 730 1057 752 1053 765 1056 768 1057 769 1057 770 1057 777 1056 804 1052 820 1055 824 1056 825 1056 919 1053 920 1044 918 1024 778 1024 768 1019 767 1019 766 1019 724 1025 683 1018 682 1018 681 1018 680 1018 669 1026 636 1019 636 1019 635 1019 618 1026 579 1026 548 1021 547 1021 546 1021 545 1021 534 1028 490 1021 489 1021 428 1022 396 1029 366 1023 365 1023 364 1023 350 1027 292 1024 292 1024 240 1032 237 1032 234 1032 211 1027 210 1027 210 1027 195 1031 184 1025 183 1025 182 1025 134 1029 77 1027 76 1027 75 1027 49 1034 50 1054"/></Shape>
	    <String CONTENT="par deſſus leſcripture ſaincte, &amp; (qui eſt choſe horrible, à ouyr) que le Pape la peut muer, in¬"
                    HPOS="49"
                    VPOS="1018"
                    WIDTH="871"
                    HEIGHT="49"></String>
          </TextLine>
          <TextLine ID="eSc_line_e7cfe663"
                    TAGREFS="LT8"
                    BASELINE="49 1084 530 1075 920 1075" 
                    HPOS="48"
                    VPOS="1050"
                    WIDTH="872"
                    HEIGHT="43">
            <Shape><Polygon POINTS="49 1084 49 1093 320 1093 377 1088 410 1087 431 1088 473 1091 473 1091 474 1091 486 1087 491 1086 507 1087 553 1090 554 1090 555 1090 555 1090 562 1086 564 1085 569 1086 586 1089 587 1089 693 1088 694 1088 704 1083 706 1083 713 1083 771 1088 772 1088 773 1088 786 1082 787 1082 789 1082 844 1087 845 1087 919 1080 920 1075 919 1055 791 1050 790 1050 718 1056 702 1051 701 1051 701 1051 700 1051 674 1058 673 1058 671 1058 600 1053 599 1053 598 1053 597 1053 590 1057 484 1053 483 1053 450 1058 411 1054 410 1054 409 1054 396 1061 373 1055 373 1055 372 1055 284 1056 283 1056 263 1063 227 1057 227 1057 226 1057 214 1063 184 1058 183 1058 182 1058 181 1058 171 1064 48 1065 49 1084"/></Shape>
	    <String CONTENT="terpreter, moderer, &amp; acouſtrer cõme bõ luy ſemble. Et iuſques à preſent à eſte au Pape cõme"
                    HPOS="48"
                    VPOS="1050"
                    WIDTH="872"
                    HEIGHT="43"></String>
          </TextLine>
          <TextLine ID="eSc_line_c8b3ba6b"
                    TAGREFS="LT8"
                    BASELINE="50 1115 546 1105 920 1105" 
                    HPOS="49"
                    VPOS="1078"
                    WIDTH="871"
                    HEIGHT="50">
            <Shape><Polygon POINTS="50 1115 50 1128 114 1128 114 1127 115 1127 118 1126 134 1122 156 1125 160 1126 161 1126 162 1126 163 1125 174 1121 186 1125 186 1125 187 1125 188 1125 189 1125 190 1125 201 1120 233 1124 243 1125 244 1125 263 1123 317 1119 349 1122 362 1123 363 1123 364 1123 365 1123 367 1122 375 1117 439 1121 463 1122 464 1122 476 1120 504 1116 550 1119 569 1120 570 1120 571 1120 572 1120 573 1118 580 1115 625 1117 651 1119 652 1119 674 1117 707 1113 738 1116 750 1117 751 1117 768 1115 800 1112 805 1115 811 1117 812 1117 812 1117 920 1112 920 1105 918 1083 844 1083 830 1078 829 1078 829 1078 828 1078 811 1084 810 1084 809 1084 778 1079 777 1079 777 1079 776 1079 766 1085 737 1085 730 1085 729 1085 697 1080 696 1080 695 1080 683 1086 683 1086 658 1081 657 1081 614 1087 613 1087 612 1087 574 1082 573 1082 523 1088 503 1082 502 1082 502 1082 473 1088 472 1088 440 1083 439 1083 410 1089 409 1089 373 1084 373 1084 331 1090 245 1086 244 1086 243 1086 227 1092 226 1092 225 1092 195 1087 194 1087 169 1093 168 1093 164 1093 120 1089 119 1089 118 1089 117 1089 111 1093 108 1093 62 1088 61 1088 60 1088 49 1093 50 1115"/></Shape>
	    <String CONTENT="ſon propre artifice, de faindre &amp; former les parolles de leſcriture ſaincte toutalemẽt à ſon plai"
                    HPOS="49"
                    VPOS="1078"
                    WIDTH="871"
                    HEIGHT="50"
                    WC="0.9797536881283077"></String>
          </TextLine>
          <TextLine ID="eSc_line_74c7c6bf"
                    TAGREFS="LT8"
                    BASELINE="48 1144 619 1134 918 1135" 
                    HPOS="47"
                    VPOS="1110"
                    WIDTH="871"
                    HEIGHT="48">
            <Shape><Polygon POINTS="48 1144 48 1158 117 1152 133 1157 134 1157 134 1157 149 1157 186 1157 186 1157 188 1157 216 1150 227 1156 228 1156 229 1156 230 1157 257 1157 257 1156 257 1156 260 1155 284 1149 317 1154 324 1155 325 1155 331 1154 348 1151 415 1152 444 1153 445 1153 446 1153 449 1152 465 1146 514 1151 532 1152 533 1152 555 1151 607 1145 676 1148 680 1148 681 1148 682 1148 683 1148 690 1143 756 1143 765 1146 771 1149 771 1149 772 1149 917 1144 918 1135 917 1116 847 1116 823 1110 822 1110 821 1110 718 1116 706 1111 706 1111 705 1111 672 1118 669 1118 666 1118 635 1112 634 1112 553 1119 550 1119 549 1119 519 1114 518 1114 517 1114 502 1120 502 1121 417 1121 416 1121 403 1116 403 1116 402 1116 335 1122 321 1122 312 1122 262 1117 261 1117 260 1117 259 1117 251 1122 248 1122 208 1117 207 1117 206 1117 183 1123 178 1125 117 1125 116 1124 108 1119 107 1119 106 1119 105 1119 79 1123 70 1119 70 1119 69 1119 68 1119 47 1124 48 1144"/></Shape>
	    <String CONTENT="ſir, ſelon que grãd proffit &amp; gros gagnage en enſuyuoit. Et cõment que iceluy la formaſt ou"
                    HPOS="47"
                    VPOS="1110"
                    WIDTH="871"
                    HEIGHT="48"></String>
          </TextLine>
          <TextLine ID="eSc_line_95d0916c"
                    TAGREFS="LT8"
                    BASELINE="49 1175 592 1165 918 1166" 
                    HPOS="48"
                    VPOS="1144"
                    WIDTH="870"
                    HEIGHT="43">
            <Shape><Polygon POINTS="49 1175 49 1181 117 1187 118 1187 253 1181 282 1180 301 1181 355 1184 356 1184 386 1181 405 1178 428 1180 446 1181 447 1181 473 1180 509 1177 515 1180 521 1182 522 1182 523 1182 553 1180 585 1176 668 1179 682 1179 683 1179 683 1179 684 1179 690 1175 728 1179 741 1180 742 1180 758 1178 801 1174 816 1178 819 1179 820 1179 821 1179 918 1177 918 1166 917 1145 558 1144 557 1144 500 1150 499 1150 498 1150 475 1145 474 1145 432 1151 431 1151 385 1146 385 1146 267 1153 261 1153 257 1153 192 1148 192 1148 119 1155 118 1155 80 1150 79 1150 48 1156 49 1175"/></Shape>
	    <String CONTENT="reformaſt, chãgeaſt ou interpretaſt: il vouloit &amp; expreſſemẽt cõmandoit, que cela ſuſt tenu"
                    HPOS="48"
                    VPOS="1144"
                    WIDTH="870"
                    HEIGHT="43"
                    WC="0.981591504939059"></String>
          </TextLine>
          <TextLine ID="eSc_line_c2ae9b7c"
                    TAGREFS="LT8"
                    BASELINE="50 1205 614 1195 917 1196" 
                    HPOS="49"
                    VPOS="1171"
                    WIDTH="868"
                    HEIGHT="45">
            <Shape><Polygon POINTS="50 1205 50 1213 112 1216 113 1216 159 1212 178 1210 192 1211 229 1216 230 1216 231 1216 245 1211 249 1210 251 1210 260 1215 261 1215 262 1216 302 1216 302 1215 334 1210 343 1209 346 1210 358 1214 359 1214 360 1214 530 1211 549 1207 559 1205 594 1206 636 1208 637 1208 665 1205 688 1204 697 1205 717 1209 718 1209 737 1204 747 1203 764 1204 800 1208 800 1208 823 1204 828 1203 835 1204 867 1207 868 1207 916 1202 917 1196 916 1176 811 1171 810 1171 789 1175 759 1172 758 1172 757 1172 743 1177 741 1178 734 1178 686 1174 685 1174 684 1174 676 1178 674 1179 666 1178 632 1175 631 1175 613 1179 608 1180 606 1179 595 1175 595 1175 594 1175 573 1179 571 1180 569 1180 557 1175 556 1175 555 1175 555 1175 537 1179 481 1176 480 1176 479 1176 471 1181 470 1181 449 1181 332 1178 331 1178 312 1181 301 1184 291 1182 274 1179 273 1179 251 1182 235 1185 226 1182 214 1180 213 1180 212 1180 177 1183 151 1186 146 1183 140 1181 140 1181 139 1181 127 1184 111 1186 94 1184 77 1181 76 1181 49 1184 50 1205"/></Shape>
	    <String CONTENT="cõme article de foy, en perſecutãt par fer, par feu, &amp; eaue tous ceux qui cõtrediſoient, qui"
                    HPOS="49"
                    VPOS="1171"
                    WIDTH="868"
                    HEIGHT="45"></String>
          </TextLine>
          <TextLine ID="eSc_line_1b5bda4f"
                    TAGREFS="LT8"
                    BASELINE="50 1236 516 1227 917 1227" 
                    HPOS="49"
                    VPOS="1204"
                    WIDTH="868"
                    HEIGHT="52">
            <Shape><Polygon POINTS="50 1236 51 1254 80 1245 129 1245 181 1253 191 1254 192 1254 192 1254 196 1252 213 1245 233 1245 268 1251 287 1256 288 1256 345 1250 380 1248 386 1250 391 1252 391 1252 392 1252 405 1250 423 1247 438 1250 444 1250 445 1250 446 1250 447 1250 448 1250 455 1245 467 1250 478 1253 479 1253 479 1254 529 1254 529 1253 553 1248 572 1245 587 1248 589 1248 590 1248 590 1248 591 1248 610 1240 656 1247 680 1250 681 1250 682 1250 691 1247 710 1239 765 1239 782 1245 792 1250 793 1250 794 1250 822 1245 832 1244 835 1245 839 1247 840 1247 841 1247 841 1247 847 1245 862 1238 917 1244 917 1227 917 1207 906 1204 905 1204 905 1204 766 1209 733 1204 732 1204 731 1204 730 1204 724 1208 665 1204 664 1204 663 1204 648 1210 636 1206 636 1206 635 1206 548 1210 531 1205 531 1205 530 1205 448 1212 413 1207 412 1207 299 1212 270 1209 269 1209 243 1214 209 1209 208 1209 168 1215 73 1211 72 1211 49 1216 50 1236"/></Shape>
	    <String CONTENT="eſt extreme &amp; ſouueraine tyrãnie, ſurmõtant toute autre rage &amp; cruaute. Mais graces à"
                    HPOS="49"
                    VPOS="1204"
                    WIDTH="868"
                    HEIGHT="52"></String>
          </TextLine>
        </TextBlock>
        <TextBlock HPOS="929"
                   VPOS="240"
                   WIDTH="53"
                   HEIGHT="127"
                   ID="eSc_textblock_9bfb901a"
                   TAGREFS="BT13">
          <Shape><Polygon POINTS="929 240 929 367 982 367 982 240"/></Shape>
          <TextLine ID="eSc_line_9de47c39"
                    TAGREFS="LT8"
                    BASELINE="933 262 976 267" 
                    HPOS="928"
                    VPOS="243"
                    WIDTH="47"
                    HEIGHT="42">
            <Shape><Polygon POINTS="932 261 928 282 972 285 975 266 975 247 933 243 932 261"/></Shape>
	    <String CONTENT="Mat"
                    HPOS="928"
                    VPOS="243"
                    WIDTH="47"
                    HEIGHT="42"></String>
          </TextLine>
          <TextLine ID="eSc_line_49a0fcaf"
                    TAGREFS="LT8"
                    BASELINE="933 347 975 347" 
                    HPOS="932"
                    VPOS="318"
                    WIDTH="42"
                    HEIGHT="48">
            <Shape><Polygon POINTS="932 346 932 364 973 366 974 346 973 318 932 321 932 346"/></Shape>
	    <String CONTENT="Gal."
                    HPOS="932"
                    VPOS="318"
                    WIDTH="42"
                    HEIGHT="48"></String>
          </TextLine>
        </TextBlock>
        <TextBlock HPOS="844"
                   VPOS="1242"
                   WIDTH="72"
                   HEIGHT="26"
                   ID="eSc_textblock_bb2e040b"
                   TAGREFS="BT17">
          <Shape><Polygon POINTS="844 1242 844 1265 916 1268 916 1242"/></Shape>
          <TextLine ID="eSc_line_8c10a396"
                    TAGREFS="LT8"
                    BASELINE="848 1256 913 1258" 
                    HPOS="847"
                    VPOS="1235"
                    WIDTH="66"
                    HEIGHT="39">
            <Shape><Polygon POINTS="848 1256 847 1268 911 1274 913 1258 913 1241 886 1241 886 1240 882 1236 882 1236 882 1235 881 1235 880 1235 879 1235 848 1239 848 1256"/></Shape>
	    <String CONTENT="Dieu,"
                    HPOS="847"
                    VPOS="1235"
                    WIDTH="66"
                    HEIGHT="39"></String>
          </TextLine>
        </TextBlock>
      </PrintSpace>
    </Page>
  </Layout>
</alto>
