986 1536
167 109 698 65 Aux lecteurs Epiſtre proffitable.

75 169 888 41 Dieu, à telles importables forſeneries, le voile du tẽple eſt rõpu, grandz mouuemetz de terre

76 202 882 38 ſe ſont faictz, les pierres ſe fendent, les mortz reſſuſcitent. Et comme pour lors fut faict au

75 232 883 36 regne des Iuifz: außi maintenãt de brief ſera faicte mutatiõ au regne du Pape: par la ver¬

76 261 880 41 tu & puiſſance de Ieſus Chriſt. Car cõme ainſi ſoit que la predication de Leuangile ſoit le

78 291 876 40 Souuerain & plus excellẽt ſeruice de Dieu, qui ſe face en legliſe. Car les ſacremẽs ne peu¬

75 323 882 38 uẽt estre ſans la parolle, mais la parolle peut bien eſtre ſans les ſacrementz, Chriſt, contre le

76 351 880 40 diable, cõtre Antechriſt & ſa puiſſance, cõtre la volonté de tous papistes, qui ſont les treſ¬

75 382 879 38 cruelz ennemys de Dieu, ce mõctrans treſmalheureux phariſiens, cõtre la parolle de grace,

75 413 880 38 maintenãt miraculeuſemẽt redreſſe, releue, & remet en auãt icelle ſaincte predication de

78 443 876 39 Leuãgile, duquel au parauãt le nom eſtoit ſeulemẽt demeuré, ſans entẽdre la vertu & puiſ¬

76 472 878 40 ſance d’iceluy qui eſt la puiſſance de ſalut à tous croyãs, & cõme le S. Apostre dit en au¬

75 505 879 39 tre lieu, qui eſt odeur de vie en vie, à aucuns: & odeur de mort en mort, aux autres. I'ay

76 538 877 33 tenu ce propoz, & prolongé ceſte epistre plus lõguement que ne pẽſoye: mais vous congnoiſ¬

76 564 752 41 ſez aſſez (ô fideles lecteurs) que d’vn goufre on ne peut ſortir quand on ſi met.

77 595 878 39 Or eſt la papaute, le Pape & ſes gentz, auec leurs œuures: vne profonde mer, vne abiſme

78 625 877 39 ſans fin, vn puis de feu bruſlãt, de feu puant, ſulphereux, mortel & infernal, duquel nous

76 656 878 38 vueille tous deliurer Ieſus nostre Seigneur, qui tant pour nous s’eſt humilie, qu’il s’eſt volon

76 686 880 39 tairement iecte dedas le destruict de la mort, laquelle pour nous il à goustee pour par icelle

76 716 877 42 nous viuifier. Et le Pape par ſon orgueil, par ſa hauteſſe & fierté nous veut treſtous deuorer.

106 746 500 40 Fuyez donc. Ce loup meurtrier, ſier & hautain.

107 778 470 36 Et ſuyuez. Ieſus Pasteur, Sauueur certain.

105 806 570 41 Pour les eſleuz, ces iours ſeront abreges. Matth.24.

106 836 610 44 Par Leſprit de ſes leures, il occira le meſcreant. Eſaye. 11.

456 870 122 37 Eſaye.29.

105 896 848 43 Les paoures s'eſiouyront au Sainct Diſrael, quand le tyrant ceſſera, & quand le moc¬

73 926 879 50 queur defaudra, quand ceux qoi constraignoyent à faire iniquité ſeront couppeZ, qui font

72 959 288 38 pecher l'homme en la parolle.

460 989 120 41 2.Timot.3.

104 1016 847 50 Hommes corrompus d’entendement, reprouez en la foy: mais ilz ne proffiteront plus.

74 1048 405 47 car leur inſipience ſera manifestee à tous.

281 1108 470 49 Imprime à Rome, au chasteau Sainct Ange.

373 1171 286 48 Cum priuilegio Apoſtolico.

465 1230 95 44 FIN.

28 468 39 28 m.1.

15 491 52 41 or.2.
