<?xml version="1.0" encoding="UTF-8"?>
<alto xmlns:xsi="http://www.w3.org/2001/XMLSchema-instance"
      xmlns="http://www.loc.gov/standards/alto/ns-v4#"
      xsi:schemaLocation="http://www.loc.gov/standards/alto/ns-v4# http://www.loc.gov/standards/alto/v4/alto-4-2.xsd">
  <Description>
    <MeasurementUnit>pixel</MeasurementUnit>
    <sourceImageInformation>
      <fileName>10_a2b44_default.jpg</fileName>
      <fileIdentifier>https://www.e-rara.ch/i3f/v20/4518838/full/full/0/default.jpg</fileIdentifier>
    </sourceImageInformation>
  </Description>
  
  <Tags>
    <OtherTag ID="BT728" LABEL="MarginTextZone" DESCRIPTION="block type MarginTextZone"/><OtherTag ID="BT729" LABEL="DropCapitalZone" DESCRIPTION="block type DropCapitalZone"/><OtherTag ID="BT730" LABEL="GraphicZone" DESCRIPTION="block type GraphicZone"/><OtherTag ID="BT731" LABEL="MainZone" DESCRIPTION="block type MainZone"/><OtherTag ID="BT732" LABEL="RunningTitleZone" DESCRIPTION="block type RunningTitleZone"/><OtherTag ID="BT796" LABEL="TitlePageZone" DESCRIPTION="block type TitlePageZone"/><OtherTag ID="BT896" LABEL="CustomZone" DESCRIPTION="block type CustomZone"/><OtherTag ID="BT1117" LABEL="QuireMarksZone" DESCRIPTION="block type QuireMarksZone"/><OtherTag ID="BT1132" LABEL="MarginTextZone:handwrittenAddition" DESCRIPTION="block type MarginTextZone:handwrittenAddition"/>
    <OtherTag ID="LT246" LABEL="DefaultLine" DESCRIPTION="line type DefaultLine"/><OtherTag ID="LT247" LABEL="HeadingLine" DESCRIPTION="line type HeadingLine"/><OtherTag ID="LT277" LABEL="DropCapitalLine" DESCRIPTION="line type DropCapitalLine"/><OtherTag ID="LT415" LABEL="CustomLine:handwrittenNote" DESCRIPTION="line type CustomLine:handwrittenNote"/>
  </Tags>
  
  <Layout>
    <Page WIDTH="1700"
          HEIGHT="2447"
          PHYSICAL_IMG_NR="10"
          ID="eSc_dummypage_">
      <PrintSpace HPOS="0"
                  VPOS="0"
                  WIDTH="1700"
                  HEIGHT="2447">
        
        <TextBlock HPOS="108"
                   VPOS="91"
                   WIDTH="1201"
                   HEIGHT="1833"
                   ID="eSc_textblock_7895d769"
                   TAGREFS="BT731">
          <Shape><Polygon POINTS="124 91 108 1924 289 1922 292 1851 1271 1874 1309 91"/></Shape>
          
          
          <TextLine ID="eSc_line_d97df796"
                    TAGREFS="LT246"
                    BASELINE="128 224 1293 254" 
                    HPOS="126"
                    VPOS="173"
                    WIDTH="1167"
                    HEIGHT="102">
            <Shape><Polygon POINTS="1273 205 1191 197 1189 197 1169 195 1148 195 1128 193 1126 193 1100 201 1087 191 1085 191 1083 191 1081 191 922 197 906 197 904 197 873 185 871 185 869 185 867 185 865 185 848 195 846 195 765 195 763 193 738 181 736 181 734 181 732 181 708 191 700 191 597 191 597 189 589 179 587 179 587 177 585 177 583 177 516 175 514 175 381 183 310 173 291 173 271 175 251 175 230 175 210 175 189 177 169 177 161 177 146 177 130 193 128 224 126 242 436 244 465 250 516 258 518 258 620 254 659 252 673 254 708 263 710 263 712 263 730 256 734 254 736 256 746 265 748 265 751 265 753 265 810 258 822 256 824 258 828 265 830 265 830 267 832 267 834 267 836 267 889 258 897 258 912 261 981 271 983 271 1036 263 1040 263 1044 263 1136 275 1138 275 1291 267 1293 254 1285 222 1273 205"/></Shape>
	    <String CONTENT="comme homme, il s est humilie soy mesmes, ⁊ a este faict obe-"
                    HPOS="126"
                    VPOS="173"
                    WIDTH="1167"
                    HEIGHT="102"></String>
          </TextLine>

          
          
          <TextLine ID="eSc_line_5bb29fb3"
                    TAGREFS="LT247"
                    BASELINE="555 169 944 179" 
                    HPOS="555"
                    VPOS="97"
                    WIDTH="389"
                    HEIGHT="110">
            <Shape><Polygon POINTS="922 106 916 99 802 110 797 110 787 97 785 97 779 97 759 97 753 97 646 106 636 106 634 106 622 97 616 97 595 97 579 97 555 101 555 169 555 193 575 185 583 195 587 197 587 199 589 199 591 199 759 203 761 203 763 203 765 203 765 201 767 201 779 189 863 189 940 207 944 179 944 128 942 126"/></Shape>
	    <String CONTENT="et du Pape."
                    HPOS="555"
                    VPOS="97"
                    WIDTH="389"
                    HEIGHT="110"></String>
          </TextLine>

          
          
          <TextLine ID="eSc_line_bcc28158"
                    TAGREFS="LT246"
                    BASELINE="130 285 1140 311" 
                    HPOS="128"
                    VPOS="230"
                    WIDTH="1012"
                    HEIGHT="110">
            <Shape><Polygon POINTS="130 285 128 303 255 303 267 307 310 322 312 322 314 322 316 322 338 309 340 309 346 309 434 324 436 324 438 324 459 314 469 309 481 314 518 328 520 328 522 328 608 320 659 314 706 322 769 334 887 336 889 336 891 336 893 336 902 330 912 322 922 330 934 338 936 338 938 338 1020 340 1022 340 1024 340 1026 340 1026 338 1032 334 1044 324 1136 336 1140 311 1140 265 1046 250 1044 250 1042 250 1014 261 1012 261 1000 250 997 250 995 250 993 250 865 256 848 256 846 256 832 244 830 244 828 244 826 244 763 254 753 254 736 252 628 240 626 240 624 240 622 240 610 250 608 250 581 240 579 240 577 240 475 246 461 246 459 246 434 234 432 234 430 234 428 234 406 244 400 244 277 230 275 230 130 236 130 285"/></Shape>
	    <String CONTENT="dient iusques a ia mort, ⁊ la mort de la croix. Phil. r."
                    HPOS="128"
                    VPOS="230"
                    WIDTH="1012"
                    HEIGHT="110"></String>
          </TextLine>

          
          
          <TextLine ID="eSc_line_93828468"
                    TAGREFS="LT247"
                    BASELINE="604 420 808 415" 
                    HPOS="600"
                    VPOS="354"
                    WIDTH="206"
                    HEIGHT="88">
            <Shape><Polygon POINTS="602 418 602 426 687 442 689 442 691 442 738 428 748 426 802 428 806 413 802 365 712 354 710 354 600 367 602 418"/></Shape>
	    <String CONTENT="¶ Pierre."
                    HPOS="600"
                    VPOS="354"
                    WIDTH="206"
                    HEIGHT="88"></String>
          </TextLine>

          
          
          <TextLine ID="eSc_line_7b4447fd"
                    TAGREFS="LT246"
                    BASELINE="126 517 1285 544" 
                    HPOS="124"
                    VPOS="454"
                    WIDTH="1161"
                    HEIGHT="110">
            <Shape><Polygon POINTS="1269 487 1248 487 1228 485 1216 491 1214 491 1177 483 1167 483 1148 481 1136 489 1134 489 1030 489 1030 487 1020 479 1020 477 1018 477 1016 477 1014 477 965 485 940 471 922 471 902 471 881 469 873 469 871 469 869 469 842 483 838 483 744 464 742 464 740 464 738 464 718 479 479 475 459 460 453 460 440 460 404 471 387 458 371 458 369 458 344 471 318 458 310 458 289 458 271 458 236 462 187 456 167 456 146 456 142 454 126 464 126 517 124 524 169 538 171 538 173 538 222 530 255 540 257 540 259 540 261 540 263 540 279 530 283 530 359 542 361 542 363 542 385 534 389 532 393 534 416 544 418 544 420 544 465 536 479 534 485 536 506 546 508 546 510 546 595 540 636 538 657 542 687 550 689 550 691 550 693 550 718 544 738 540 783 546 822 552 824 552 853 548 889 544 895 550 900 552 900 554 902 554 904 554 906 554 944 552 1004 548 1038 554 1055 558 1057 558 1059 558 1061 558 1061 556 1063 556 1071 548 1112 558 1128 560 1130 560 1132 560 1140 558 1173 550 1195 560 1200 562 1202 562 1204 564 1283 564 1285 544 1285 491 1269 483 1269 487"/></Shape>
	    <String CONTENT="¶ Christ a souffert pour nous, uous laissant exemple; afin"
                    HPOS="124"
                    VPOS="454"
                    WIDTH="1161"
                    HEIGHT="110"></String>
          </TextLine>

          
          
          <TextLine ID="eSc_line_3ba669f1"
                    TAGREFS="LT246"
                    BASELINE="126 573 816 589" 
                    HPOS="124"
                    VPOS="519"
                    WIDTH="692"
                    HEIGHT="78">
            <Shape><Polygon POINTS="473 526 459 526 436 532 428 534 426 532 422 526 420 526 412 526 400 524 328 530 318 530 316 530 295 522 289 522 269 522 226 528 214 530 206 528 177 519 167 519 157 519 126 526 126 573 124 581 812 597 816 589 814 538 497 538 489 532 479 526 473 526"/></Shape>
	    <String CONTENT="que ensuyuez ses uoyes.1. Pierre. 2."
                    HPOS="124"
                    VPOS="519"
                    WIDTH="692"
                    HEIGHT="78"></String>
          </TextLine>

          
          
          <TextLine ID="eSc_line_b7fe98a4"
                    TAGREFS="LT246"
                    BASELINE="128 632 1287 658" 
                    HPOS="126"
                    VPOS="575"
                    WIDTH="1161"
                    HEIGHT="102">
            <Shape><Polygon POINTS="1283 603 1108 591 1106 591 1042 599 1022 601 1018 599 1004 589 1002 589 1000 589 997 589 955 597 944 599 942 597 928 587 926 587 924 587 922 587 797 593 767 595 761 593 751 589 740 589 720 587 716 587 702 591 695 593 516 591 510 589 493 583 475 583 455 581 440 581 410 585 400 587 397 585 393 581 393 581 373 579 353 579 332 579 318 579 255 583 238 583 234 583 210 575 210 575 189 575 169 575 167 575 128 579 128 632 126 640 402 658 404 658 406 658 432 648 434 648 551 660 553 660 642 652 646 652 655 652 773 666 775 666 777 666 808 656 930 670 932 670 995 660 1014 672 1016 672 1018 672 1020 672 1175 664 1193 677 1195 677 1197 677 1200 677 1285 664 1287 658 1287 628 1283 603"/></Shape>
	    <String CONTENT="¶ Il ny a en luy ne beaulte, ne forme, mesprise ⁊ plus uilipen"
                    HPOS="126"
                    VPOS="575"
                    WIDTH="1161"
                    HEIGHT="102"></String>
          </TextLine>

          
          
          <TextLine ID="eSc_line_9551f662"
                    TAGREFS="LT246"
                    BASELINE="124 685 1279 715" 
                    HPOS="122"
                    VPOS="632"
                    WIDTH="1157"
                    HEIGHT="104">
            <Shape><Polygon POINTS="948 652 924 656 902 660 873 656 824 648 818 648 802 648 777 654 763 656 738 652 691 646 675 646 655 644 634 644 628 644 538 650 514 650 500 648 451 640 451 640 430 640 410 640 402 638 359 646 353 646 346 646 277 636 267 636 246 636 230 636 208 642 175 634 165 634 144 634 142 632 124 640 124 685 122 703 181 697 195 707 197 709 200 709 202 709 204 709 232 707 328 701 436 711 508 717 510 717 536 713 567 707 702 715 838 723 840 723 930 719 969 717 979 719 1012 730 1014 730 1016 730 1018 730 1042 721 1044 719 1046 721 1063 732 1065 732 1067 732 1202 736 1204 736 1277 723 1279 715 1279 664 951 652 948 652"/></Shape>
	    <String CONTENT="de que tous. Item uous l auons estime comme un lepreux,"
                    HPOS="122"
                    VPOS="632"
                    WIDTH="1157"
                    HEIGHT="104"></String>
          </TextLine>

          
          
          <TextLine ID="eSc_line_76361969"
                    TAGREFS="LT246"
                    BASELINE="126 750 1134 770" 
                    HPOS="124"
                    VPOS="689"
                    WIDTH="1010"
                    HEIGHT="104">
            <Shape><Polygon POINTS="820 705 804 703 793 703 779 703 759 703 738 701 718 701 708 701 673 711 669 711 667 711 620 699 616 699 602 699 573 709 571 709 567 709 487 695 485 695 375 705 369 705 367 705 328 691 326 691 324 691 322 691 293 701 173 689 171 689 169 689 126 699 126 750 124 770 481 770 512 778 526 783 528 783 530 783 569 781 644 774 659 783 661 785 663 785 665 785 667 785 700 783 814 776 832 787 834 789 836 789 838 789 840 789 859 787 930 778 973 791 977 791 979 791 981 791 991 791 1053 783 1130 793 1134 770 1134 721 832 705 820 705"/></Shape>
	    <String CONTENT="⁊ auons este guaris, par la basture dicelu. (sic) Esaye. 53."
                    HPOS="124"
                    VPOS="689"
                    WIDTH="1010"
                    HEIGHT="104"></String>
          </TextLine>

          
          
          <TextLine ID="eSc_line_2319fcd4"
                    TAGREFS="LT247"
                    BASELINE="575 874 826 874" 
                    HPOS="575"
                    VPOS="815"
                    WIDTH="251"
                    HEIGHT="84">
            <Shape><Polygon POINTS="810 827 736 827 734 825 718 815 697 815 685 815 675 819 669 815 657 815 636 815 616 815 595 815 575 821 575 874 575 889 593 899 595 899 597 899 600 899 636 889 648 887 824 895 826 874 824 866 820 840"/></Shape>
	    <String CONTENT="¶ Le Pape."
                    HPOS="575"
                    VPOS="815"
                    WIDTH="251"
                    HEIGHT="84"></String>
          </TextLine>

          
          
          <TextLine ID="eSc_line_9ec029a2"
                    TAGREFS="LT246"
                    BASELINE="122 976 1279 995" 
                    HPOS="120"
                    VPOS="919"
                    WIDTH="1159"
                    HEIGHT="90">
            <Shape><Polygon POINTS="1244 952 1224 952 1204 950 1183 950 1163 948 1142 948 1122 948 1108 946 1024 946 1020 944 1020 944 1000 944 979 942 959 942 938 942 918 940 906 942 895 940 877 940 857 938 836 938 816 935 812 935 800 938 789 940 773 938 740 933 734 933 714 933 693 931 673 931 653 931 644 929 587 935 567 935 557 933 516 925 510 925 489 925 483 923 410 931 381 933 375 931 353 921 351 921 348 921 346 921 314 929 304 931 285 929 214 919 212 919 122 925 122 976 120 984 175 997 177 997 632 995 893 1009 895 1009 1277 1003 1279 995 1265 952 1244 952"/></Shape>
	    <String CONTENT="¶ Nous auons la seignenrie de toute la terre, car a nous ap-"
                    HPOS="120"
                    VPOS="919"
                    WIDTH="1159"
                    HEIGHT="90"></String>
          </TextLine>

          
          
          <TextLine ID="eSc_line_6ff0d766"
                    TAGREFS="LT246"
                    BASELINE="122 1031 1279 1058" 
                    HPOS="120"
                    VPOS="978"
                    WIDTH="1159"
                    HEIGHT="88">
            <Shape><Polygon POINTS="183 978 163 978 142 978 122 978 122 1031 120 1046 1275 1066 1279 1058 1269 1011 185 978 183 978"/></Shape>
	    <String CONTENT="parient iuger de toutes causes; ⁊ a nul de iuger de nous, ne"
                    HPOS="120"
                    VPOS="978"
                    WIDTH="1159"
                    HEIGHT="88"></String>
          </TextLine>

          
          
          <TextLine ID="eSc_line_f4e437f7"
                    TAGREFS="LT246"
                    BASELINE="122 1088 1257 1111" 
                    HPOS="120"
                    VPOS="1035"
                    WIDTH="1137"
                    HEIGHT="90">
            <Shape><Polygon POINTS="1142 1056 1122 1056 1106 1056 1067 1060 1051 1062 1044 1060 1028 1054 1020 1054 1000 1052 963 1058 946 1060 926 1058 871 1050 857 1050 836 1050 834 1048 783 1054 755 1056 748 1054 732 1046 714 1046 693 1046 685 1046 610 1050 567 1052 557 1050 536 1042 530 1042 514 1042 473 1048 444 1050 342 1050 338 1044 330 1037 326 1037 306 1037 291 1035 122 1037 122 1088 120 1099 1253 1125 1257 1111 1255 1066 1171 1066 1167 1064 1157 1056 1142 1056"/></Shape>
	    <String CONTENT="de nostre iugement.9.q.i. Cuncta. Nemo aliorum facta."
                    HPOS="120"
                    VPOS="1035"
                    WIDTH="1137"
                    HEIGHT="90"></String>
          </TextLine>

          
          
          <TextLine ID="eSc_line_d7ca3ac9"
                    TAGREFS="LT246"
                    BASELINE="120 1148 1277 1168" 
                    HPOS="118"
                    VPOS="1090"
                    WIDTH="1159"
                    HEIGHT="86">
            <Shape><Polygon POINTS="1240 1111 1128 1119 1106 1119 1104 1117 1095 1111 1095 1109 1093 1109 1091 1109 1089 1109 1087 1109 1059 1117 1044 1119 1030 1115 995 1107 993 1107 991 1107 955 1113 932 1117 912 1113 883 1105 881 1105 879 1105 877 1105 861 1111 848 1115 814 1109 783 1105 781 1105 736 1107 673 1111 667 1105 663 1103 663 1101 661 1101 659 1101 657 1101 655 1101 642 1105 622 1111 455 1099 436 1099 434 1099 428 1099 351 1107 120 1090 120 1148 118 1160 1273 1176 1277 1168 1277 1121 1244 1111 1242 1111 1240 1111"/></Shape>
	    <String CONTENT="Car nous auons tous les droictz, cachez en l arche de nostre"
                    HPOS="118"
                    VPOS="1090"
                    WIDTH="1159"
                    HEIGHT="86"></String>
          </TextLine>

          
          
          <TextLine ID="eSc_line_1fc06925"
                    TAGREFS="LT246"
                    BASELINE="118 1201 1275 1225" 
                    HPOS="116"
                    VPOS="1156"
                    WIDTH="1159"
                    HEIGHT="89">
            <Shape><Polygon POINTS="118 1201 116 1211 600 1233 602 1233 1057 1233 1181 1245 1183 1245 1273 1235 1275 1225 1275 1180 118 1156 118 1201"/></Shape>
	    <String CONTENT="coeur. Non pas de pur homme;mais du uray Dieu, sommes"
                    HPOS="116"
                    VPOS="1156"
                    WIDTH="1159"
                    HEIGHT="89"></String>
          </TextLine>

          
          
          <TextLine ID="eSc_line_378497fc"
                    TAGREFS="LT246"
                    BASELINE="118 1260 1273 1282" 
                    HPOS="116"
                    VPOS="1215"
                    WIDTH="1157"
                    HEIGHT="83">
            <Shape><Polygon POINTS="118 1260 116 1270 1269 1298 1273 1282 1271 1235 118 1215 118 1260"/></Shape>
	    <String CONTENT="lieutenans en terre. c. quanto de transla. Nous sommes assis"
                    HPOS="116"
                    VPOS="1215"
                    WIDTH="1157"
                    HEIGHT="83"></String>
          </TextLine>

          
          
          <TextLine ID="eSc_line_2ea2e9c0"
                    TAGREFS="LT246"
                    BASELINE="118 1317 1275 1337" 
                    HPOS="116"
                    VPOS="1266"
                    WIDTH="1159"
                    HEIGHT="90">
            <Shape><Polygon POINTS="1089 1280 953 1288 930 1288 922 1286 881 1276 879 1276 877 1276 826 1286 822 1286 814 1276 812 1276 812 1274 810 1274 808 1274 806 1274 742 1284 736 1284 728 1284 657 1272 655 1272 653 1272 651 1272 634 1282 626 1282 524 1270 522 1270 344 1276 330 1266 328 1266 326 1266 324 1266 118 1272 118 1317 116 1329 695 1347 697 1347 785 1339 797 1339 812 1339 938 1351 940 1354 940 1351 1034 1343 1040 1343 1048 1343 1165 1356 1167 1356 1273 1345 1275 1337 1275 1294 1091 1280 1089 1280"/></Shape>
	    <String CONTENT="sur la chaire de preminence. de sepultu. super ca; Tous prin-"
                    HPOS="116"
                    VPOS="1266"
                    WIDTH="1159"
                    HEIGHT="90"></String>
          </TextLine>

          
          
          <TextLine ID="eSc_line_aa82602b"
                    TAGREFS="LT246"
                    BASELINE="118 1372 1269 1398" 
                    HPOS="116"
                    VPOS="1325"
                    WIDTH="1153"
                    HEIGHT="84">
            <Shape><Polygon POINTS="118 1372 116 1382 1265 1409 1269 1398 1269 1354 118 1325 118 1372"/></Shape>
	    <String CONTENT="ces Romains ont adore nostre siege. de iureiur. in Clemen."
                    HPOS="116"
                    VPOS="1325"
                    WIDTH="1153"
                    HEIGHT="84"></String>
          </TextLine>

          
          
          <TextLine ID="eSc_line_1a9c9ee0"
                    TAGREFS="LT246"
                    BASELINE="118 1431 408 1439" 
                    HPOS="116"
                    VPOS="1382"
                    WIDTH="292"
                    HEIGHT="67">
            <Shape><Polygon POINTS="118 1431 116 1439 404 1449 408 1439 408 1390 118 1382 118 1431"/></Shape>
	    <String CONTENT="Roma. princi."
                    HPOS="116"
                    VPOS="1382"
                    WIDTH="292"
                    HEIGHT="67"></String>
          </TextLine>

          
          
          <TextLine ID="eSc_line_bd2c0ed6"
                    TAGREFS="LT246"
                    BASELINE="118 1490 1273 1511" 
                    HPOS="116"
                    VPOS="1437"
                    WIDTH="1157"
                    HEIGHT="92">
            <Shape><Polygon POINTS="404 1439 383 1439 363 1439 342 1439 338 1437 118 1441 118 1490 116 1498 275 1513 277 1513 440 1506 459 1517 461 1517 463 1517 465 1517 1028 1517 1042 1527 1044 1527 1046 1527 1048 1527 1051 1527 1083 1519 1157 1529 1159 1529 1271 1519 1273 1511 1271 1451 1197 1462 1163 1449 1161 1449 1159 1449 1157 1449 1148 1449 1081 1460 857 1458 848 1447 846 1447 846 1445 844 1445 842 1445 840 1445 716 1447 504 1449 477 1445 434 1437 432 1437 404 1437 404 1439"/></Shape>
	    <String CONTENT="¶ Le Pape se dit feruus(sic) seruorum; afin quon congnoisse quil"
                    HPOS="116"
                    VPOS="1437"
                    WIDTH="1157"
                    HEIGHT="92"></String>
          </TextLine>

          
          
          <TextLine ID="eSc_line_32e99fde"
                    TAGREFS="LT246"
                    BASELINE="116 1547 1269 1564" 
                    HPOS="114"
                    VPOS="1494"
                    WIDTH="1155"
                    HEIGHT="80">
            <Shape><Polygon POINTS="830 1504 824 1502 797 1508 775 1513 732 1506 689 1502 687 1502 651 1506 602 1511 593 1504 589 1500 587 1500 585 1500 583 1500 581 1500 573 1504 557 1511 432 1511 414 1500 406 1496 404 1496 402 1496 367 1498 291 1506 265 1496 257 1494 255 1494 238 1494 116 1494 116 1547 114 1559 1265 1574 1269 1564 1267 1521 924 1506 922 1506 885 1511 857 1515 851 1511 842 1504 830 1504"/></Shape>
	    <String CONTENT="est le uray Chanaam, qui est mauldict. Genese 9. Et en ce"
                    HPOS="114"
                    VPOS="1494"
                    WIDTH="1155"
                    HEIGHT="80"></String>
          </TextLine>

          
          
          <TextLine ID="eSc_line_8a9836c7"
                    TAGREFS="LT246"
                    BASELINE="114 1604 1267 1621" 
                    HPOS="112"
                    VPOS="1559"
                    WIDTH="1155"
                    HEIGHT="74">
            <Shape><Polygon POINTS="114 1604 112 1619 120 1625 122 1625 124 1625 126 1625 257 1617 544 1631 1263 1633 1267 1621 1265 1576 114 1559 114 1604"/></Shape>
	    <String CONTENT="monstre clerement son hypocrisie , ueu quil usurpe auctorite"
                    HPOS="112"
                    VPOS="1559"
                    WIDTH="1155"
                    HEIGHT="74"></String>
          </TextLine>

          
          
          <TextLine ID="eSc_line_487a5e90"
                    TAGREFS="LT246"
                    BASELINE="112 1663 1265 1680" 
                    HPOS="110"
                    VPOS="1608"
                    WIDTH="1155"
                    HEIGHT="92">
            <Shape><Polygon POINTS="112 1663 110 1678 977 1698 979 1698 1097 1690 1100 1690 1116 1700 1118 1700 1120 1700 1122 1700 1263 1690 1265 1680 1263 1625 112 1608 112 1663"/></Shape>
	    <String CONTENT="sur toꝰ. Et se faict appeller sanctissimus pater, pere tressainct,"
                    HPOS="110"
                    VPOS="1608"
                    WIDTH="1155"
                    HEIGHT="92"></String>
          </TextLine>

          
          
          <TextLine ID="eSc_line_f292bff4"
                    TAGREFS="LT246"
                    BASELINE="112 1719 1260 1731" 
                    HPOS="108"
                    VPOS="1670"
                    WIDTH="1151"
                    HEIGHT="85">
            <Shape><Polygon POINTS="1022 1676 1020 1676 897 1686 879 1686 877 1686 867 1676 867 1674 865 1674 863 1674 861 1674 726 1684 708 1684 706 1684 687 1672 685 1672 683 1672 681 1672 538 1682 520 1682 508 1682 430 1670 428 1670 110 1676 110 1716 108 1733 1255 1755 1259 1729 1257 1690 1069 1690 1063 1686 1024 1676 1022 1676"/></Shape>
	    <String CONTENT="cõme estant sur le pere, leq̃l Iesus appelle pater sancte. Jo.17."
                    HPOS="108"
                    VPOS="1670"
                    WIDTH="1151"
                    HEIGHT="85"></String>
          </TextLine>

          
          
          <TextLine ID="eSc_line_00c4b8d5"
                    TAGREFS="LT246"
                    BASELINE="114 1778 1267 1794" 
                    HPOS="112"
                    VPOS="1723"
                    WIDTH="1155"
                    HEIGHT="79">
            <Shape><Polygon POINTS="114 1778 112 1786 1263 1802 1267 1794 1267 1749 1226 1737 1224 1737 1222 1737 1220 1737 1218 1737 1204 1747 1200 1747 1110 1737 1108 1737 1106 1737 1087 1745 1071 1735 1069 1735 1067 1735 1065 1735 1063 1735 1026 1745 1022 1745 1020 1745 973 1735 971 1735 742 1741 710 1741 708 1741 693 1729 691 1729 689 1729 687 1729 685 1729 683 1729 671 1737 661 1729 659 1729 657 1729 655 1729 583 1739 575 1739 567 1739 508 1727 506 1727 504 1727 481 1737 318 1737 316 1735 302 1725 300 1725 297 1725 295 1725 244 1733 216 1723 214 1723 212 1723 114 1731 114 1778"/></Shape>
	    <String CONTENT="¶Il a qrins(sic) ce nom des idolatres, comme Paulus pere de"
                    HPOS="112"
                    VPOS="1723"
                    WIDTH="1155"
                    HEIGHT="79"></String>
          </TextLine>

          
          
          <TextLine ID="eSc_line_392790c1"
                    TAGREFS="LT246"
                    BASELINE="108 1835 1263 1853" 
                    HPOS="106"
                    VPOS="1780"
                    WIDTH="1157"
                    HEIGHT="98">
            <Shape><Polygon POINTS="108 1835 106 1849 363 1867 365 1867 489 1859 544 1869 546 1869 548 1869 575 1859 657 1871 659 1871 861 1865 873 1876 875 1876 877 1876 879 1876 948 1865 951 1865 953 1865 1004 1878 1006 1878 1008 1878 1261 1869 1263 1853 1261 1806 108 1780 108 1835"/></Shape>
	    <String CONTENT="Aphricanus, estoit appelle. Macrobius de somno. Scipio in"
                    HPOS="106"
                    VPOS="1780"
                    WIDTH="1157"
                    HEIGHT="98"></String>
          </TextLine>

          
          
          <TextLine ID="eSc_line_8a56a910"
                    TAGREFS="LT246"
                    BASELINE="112 1896 275 1901" 
                    HPOS="108"
                    VPOS="1837"
                    WIDTH="165"
                    HEIGHT="90">
            <Shape><Polygon POINTS="110 1894 108 1922 269 1927 273 1900 273 1853 165 1837 163 1837 110 1845 110 1894"/></Shape>
	    <String CONTENT="princi."
                    HPOS="108"
                    VPOS="1837"
                    WIDTH="165"
                    HEIGHT="90"></String>
          </TextLine>

          
        </TextBlock>
        
        <TextBlock HPOS="1275"
                   VPOS="1682"
                   WIDTH="146"
                   HEIGHT="84"
                   ID="eSc_textblock_5a4cb8cb"
                   TAGREFS="BT728">
          <Shape><Polygon POINTS="1279 1682 1275 1758 1421 1766 1421 1682"/></Shape>
          
          
          <TextLine ID="eSc_line_79d119c1"
                    TAGREFS="LT246"
                    BASELINE="1274 1732 1412 1733" 
                    HPOS="1273"
                    VPOS="1653"
                    WIDTH="137"
                    HEIGHT="106">
            <Shape><Polygon POINTS="1273 1759 1410 1757 1410 1731 1410 1661 1353 1653 1351 1653 1273 1665 1273 1731"/></Shape>
	    <String CONTENT="Jehã.17."
                    HPOS="1273"
                    VPOS="1653"
                    WIDTH="137"
                    HEIGHT="106"></String>
          </TextLine>

          
        </TextBlock>
        
        <TextBlock HPOS="1083"
                   VPOS="1915"
                   WIDTH="188"
                   HEIGHT="80"
                   ID="eSc_textblock_600137ba"
                   TAGREFS="BT1117">
          <Shape><Polygon POINTS="1083 1920 1083 1987 1271 1995 1271 1915"/></Shape>
          
          
          <TextLine ID="eSc_line_68a2b54d"
                    TAGREFS="LT246"
                    BASELINE="1089 1975 1265 1971" 
                    HPOS="1089"
                    VPOS="1908"
                    WIDTH="176"
                    HEIGHT="88">
            <Shape><Polygon POINTS="1251 1914 1246 1912 1230 1912 1210 1912 1189 1910 1181 1908 1104 1924 1089 1957 1089 1975 1089 1986 1165 1996 1167 1996 1263 1982 1265 1971 1261 1918 1251 1914"/></Shape>
	    <String CONTENT="¶ Iesus"
                    HPOS="1089"
                    VPOS="1908"
                    WIDTH="176"
                    HEIGHT="88"></String>
          </TextLine>

          
        </TextBlock>
        

        
      </PrintSpace>
    </Page>
  </Layout>
</alto>
