1700 2447
481 114 484 79 donne guerison.

87 189 1164 82 Iceluy a prins sur soy noz infirmitez, ⁊ a porte noz mala-

81 261 384 65 dies. Matthieu.8.

81 320 1170 71 ¶ Il guerist plusieurs de leurs maladies ⁊ playes, ⁊ des mau

79 373 1167 65 uais espritz, ⁊ rendit la ueue a plusieurs aueugles; ⁊ Iesus re-

83 428 1168 77 spõdit ⁊ leur dit: Allez ⁊ dictes a Iehan ce que uous auez ueu

79 491 1167 63 ⁊ ouy, les aueugles receoyuent la ueue, ⁊ les boyteux chemi-

77 550 1169 69 nent, les ladres sont nettoyez, les sourdz oyẽt, les mortz sont

79 599 1163 84 ressuscitez, ⁊ les paoures receoyuent le ioyeux message de Le-

77 658 323 67 uangile. Luc.7.

79 713 1165 76 ¶ Il nest autre mention par tout, fors comment le Sauueur

79 778 1161 66 a ayde aux paoures malades, incitant tous a leur bien faire,

77 831 1161 68 ayde, ⁊ secourir; ⁊ si a commande a ses Apostres, quilz gueris-

77 889 1167 75 sent les malades sans rien prendre, ne uoulant quon face mal

77 958 1167 57 a personne; mes mesmes a ceulx qui nous font mal, que nous

77 1005 1165 73 leur rendons bien pour mal. Quand Iehan ⁊ Iacques uou-

77 1064 1165 69 loyent que le feu descendit pour brusler ceulx qui auoyent fer

77 1121 1167 73 me les portes contre Iesus, pourtant quil alloit en Ierusa-

79 1176 1161 74 lem, ne dit il pas quilz ne sauoyent de quel espritz ilz estoyẽt,

79 1231 1076 76 ⁊ quil estoit uenu pour sauuer ⁊ non pour perdre? Luc.9.

81 1288 1165 78 ¶ Ainsi commande a Pierre, qui cache son couteau, ⁊ nous

81 1354 1167 75 monstrant exemple, il prie pour ses ennemys, comme para-

81 1402 823 90 uant il auoit guery Malchus. Luc.22.23.

1010 1437 249 145 D
