1700 2447
424 106 539 99 en grand douleur.

73 183 1169 90 ⁊ pour noz iniquitez, il soit mollu ⁊ brise, nostre peine est sut(sic)

77 248 971 74 luy, ⁊ par sa basture nous sommes gueris. Esa.53.

81 301 1159 78 ¶ O paoure ⁊ miserable monde, seras tu tousiours endormy,

81 369 1157 67 ne retorneras tu point au Pere, plein de toute misericorde,

81 420 1157 75 luy criant mercy de ta tresgrande ingratitude ⁊ mescõgnois-

83 479 1161 77 sance, d auoir delaisse ton Sauueur, sa parolle, ses sainctes

85 534 1161 69 ordonnances pour recepuoir, ⁊ toy submettre au meschãt lar-

83 591 1163 71 ron, ⁊ brigant Barrabas, qui tant ta faict de mal, ⁊ plus ta-

85 650 1161 75 sche de iour en iour ten faire, prins as ses decretz ⁊ constitu-

85 709 1168 67 tions qui sont charges importables, receu as ces ceremonies

85 764 1168 72 ⁊ fassons, qui sont choses damnables, laisse ce diable, retorne

85 823 1166 74 a Iesus, prens son ioug ⁊ sa charge legiere, autre ne te plaise

87 889 1082 71 que luy, ⁊ ce quil a ordonne, ⁊ tu auras repos en ton ame.

89 931 1166 76 ¶ Bienheureux serez uous, quand les hommes uous aurõt

89 997 1164 67 eu en hayne, ⁊ uous auront separez, ⁊ uous auront faict iniu-

89 1050 1164 71 res, ⁊ auront iecte uostre nom, comme mauuais, a l occasion

91 1107 1160 75 du Filz de l homme. Esiouyssez uous en ce iour la, ⁊ soyez en

91 1168 1162 69 exultation; car uoicy uostre loyer est grand au ciel. Certes

91 1219 1164 73 telles choses faisoyẽt leurs peres aux prophetes. Malheur

91 1286 1162 72 sur uous, quand tous les hommes uous dirõt bienheureux;

93 1335 1137 78 car ainsi faisoyent leurs peres aux faulx prophetes. Luc.6.

97 1392 1164 76 ¶ Le disciple nest point par dessus son maistre; ne le seruiteur

97 1445 1164 82 par dessus son Seigneur. ll souffist au disciple , qui soit com-

97 1506 1160 76 me son maistre, ⁊ au seruiteur, destre cõme son seigneur. Silz

100 1568 1159 73 ont appelle le Pere de famille Beelzebub, combien plus ses

102 1623 1157 87 domesticques? Mat.10. ¶ Courõs par patiẽce a la bataille

104 1676 1157 91 qui nous est ꝓposee, regardans a l auteur de la foy, ⁊ consom

104 1735 1157 81 mateur, qui pour ioye a luy ꝓposee, endura la croix en despri-

104 1794 1157 90 sant consusion, ⁊ est assis a la dextre du siege de Dieu. Mais

100 1847 1161 96 pẽsez ⁊ repẽsez, celuy qui a souffert telle contradiction des pe-

100 1908 1153 92 cheurs, a l encõtre de soy mesme, afin que ne soyez ennuyez,

97 1967 729 108 ¶deffaillans en uoz couraiges. Ebr.12.

951 2000 308 96 D 3
