1700 2447
783 93 619 110 En paourete, ⁊ paix

414 163 316 83 ¶ L ãge dit, ne

416 240 292 65 craignez point

418 295 288 72 car uoicy ie uoꝰ

418 358 292 62 euãgelize grãd

416 409 292 68 ioye, laq̃lle se-

418 479 292 53 ra a tout le peu

418 526 292 65 ple, car auiour-

422 581 290 65 d huy uous est

422 638 292 69 ne le Sauueur

404 693 328 81 qui est Christ

430 752 280 71 en la cite de da-

420 807 292 75 uid; ⁊ ce, uous

430 864 278 69 sera signe, uoꝰ

418 923 292 68 trouuerez l en-

418 991 296 61 fant enueloppe

420 1039 294 72 en petis draps

420 1097 294 69 ⁊ mis en la cre

422 1152 292 73 sche. Et incon

422 1217 294 65 tinẽt auec L ã-

422 1268 294 73 ge fut une mul

424 1325 292 67 titude de gens-

424 1378 1171 77 d armerie celestielle, louãs Dieu ⁊ disans, Gloire soit a dieu,

428 1443 931 76 ⁊ en terre paix, ⁊ aux hões bõne uolunte. Luc.2.

432 1498 1165 80 ¶ L enfant nous est ne, ⁊ le Filz nous est donne, l empire se-

430 1549 1163 82 ra sur ses espaules, ⁊ appellera son nom admirable cõseillier.

430 1608 1167 74 Dieu fort, Pere eternel, prince de paix, son empire multiplie-

430 1672 1167 79 ra ⁊ sa paix sera sans fin, il sera assis au throsne de Dauid, le-

432 1725 1145 81 quel il confermera par equite ⁊ iustice eternellement. Esa.9.

434 1784 1166 69 ¶ Quand l accomplissement du temps fust uenu, Dieu en-

436 1839 1164 75 uoya son filz, faict de la femme, faict soubz la loy; afin quil ra

438 1894 1159 96 chetast ceulx qui estoyent soubz la loy, a celle fin que receus-

436 1949 635 122 sions l adoption des filz. Gal.4.

281 736 139 59 Paupex

275 785 131 59 Pace, ⁊

273 831 127 53 inops

275 866 122 72 Chritꝰ.

1442 2016 162 108 ¶ ll na
