1700 2447
469 122 524 92 du monde prent.

100 195 1165 92 sance, ⁊ autorite. ¶Les princes ne sont ilz point pour gar-

97 254 1162 86 der le pays, deffendre les bons, ⁊ punir les mauuais? ¶ Or

97 314 1166 87 quelle deffence peuuent faire ces effeminez, tondus, rasez, mi-

97 373 1164 85 trez, cornus. Nest il point tout clair que iamais gens ne gar-

95 430 1166 81 derent moins leurs pays que les papistes, personne ne fut ia-

95 485 1162 90 mais ainsi persecutant les bons, ⁊ deffendant les meschãs,

95 538 1166 98 que les papistes; car pour faire leur uolunte, il fault quilz ayẽt

95 597 1166 96 toute meschancete de gens, pour rauir filles, femmes, pour

93 652 1168 96 tuer, battre, frapper, rompre portes, entrer aux maisons, fai-

95 715 1164 94 re leur plaisir, ⁊ fault q̃ les miserables Princes ⁊ Roys souf-

100 774 1159 82 frent telle puantise de gens, auoir seigneuries, iustices, estre

93 836 1162 75 comme ilz disent, temporelz seigneurs ⁊ spirituelz, ⁊ en gran-

91 893 1164 77 dement blasphemant Dieu, disent qu ilz tiennent la place de

97 946 1156 91 Iesus ⁊ de ses Apostres, qui iamais neurent uille ne uillette,

89 1007 1166 77 ne la moindre iurisditiõ qui fut iamais sur la terre; mais ont

87 1068 1166 84 laisse aux Seigneurs ⁊ Roys leur seigneurie ⁊ royaume; re-

87 1125 1164 76 gardez que le Pape a ordõne. ¶Les Euesques ne doibuẽt

89 1184 1164 72 pas estre instituez es petites places ⁊ uilles, ne sur petit peu-

89 1241 1162 80 ple; afin que le nom de Euesque, ne soit point uile; mais tant

91 1300 1153 80 seulement es grandes citez, ⁊ sur grosse multitude de peuple.

89 1354 1157 87 distin.80.c. Urbes.c. In illis.c. Episcopi.c. Illud sane.c. Non

89 1421 1162 73 debere. ¶Nous ordonnons que toute ordonnance des pre-

91 1474 1162 79 stres ⁊ receptions des ordres, qui est faicte sans tiltre, duquel

89 1529 1157 83 on ne peult souffisamment uiure, quelle soit de nulle ualeur.

89 1588 1157 80 70. distin.c. Sanctorum. ¶ Demãdons au Pape quel tiltre

85 1641 1163 78 a eu Iesꝰ souuerain Prestre, ⁊ ses Apostres, urays Euesques,

89 1706 1162 74 il fault regarder les cõditions que sont.1. Tim.3. ⁊ ad. Tit.1.

85 1759 1166 82 Et ainsi le peuple les doibt eslire. Act.1.6. ⁊ non pas le Pape

85 1820 1163 80 ne autres. ll seroit plus duysant, que ces cornus fussent ra-

83 1880 1163 79 monneurs de cheminees, que destre ainsi meschamment ui-

75 1929 555 87 uans ⁊ tenans tant de bien.

985 1990 261 112 ¶ Circonci-
