1700 2447
387 114 713 98 tout liure pour deniers.

83 183 1292 94 glle, ⁊ les Apostres, comme notent ses glossateurs.z .⁊. distin. Le-

85 246 1294 88 ctor. ⁊ .i.q.o. Iuratos. Et extrauag. De uoto ⁊ uoti redemp. per to-

87 305 1284 80 tum. Car il faict que le seruiteur ne soit point tenu destre soubz son

85 365 1288 75 Seigneur; ainst qu il a iure, qu est contre S. Pierre.. Pier.⁊. Et si

83 428 1294 67 change les ueufz; ainst qu il ueult, ⁊ ueult que ce qu il ordonne soit re-

83 481 1290 79 ceu, comme de la bouche de Dieu. iꝯ. distin. Si omnes. Il uend ⁊

81 538 1292 75 trafficque tout, il d amne les sauuez, ⁊ faict sainctz les d amnez, il

83 599 1290 75 mauldict, iusques a la tierce ⁊ quarte generation, faisant les choses

83 654 1288 80 droictes ou tortues, comme il ueult, commandant que personne n en

85 707 1286 76 parle, n en doubte. .q. ⁊. Nemini. De peniten. distin. z. S.ex perso-

79 766 1288 82 na. Et par ses liures, il condemne toꝰ ceulx qͥ donnẽt ⁊ prennẽt q̃lque

77 825 1286 78 chose poͬ graces, ordres, ⁊ telz cas anathema danti. ⁊ recipienti, i. q.

77 882 1292 80 1. auõ ne doibt riẽ recepuoir poͬ les ordres, poͬ la chresme, poͬ le ba-

73 944 1296 69 tesme, baulme, sepulture, ou cõmunion.1.q.1. Dictũ est. ex cõcil. Tu-

75 997 1288 83 buriensi. Ne encores quãd on les cõtraindroit de prẽdre. 13.q.2. postq̃

73 1050 1294 77 pretio. Dont il est patent que les simoniacles, cõme premiers ⁊ prin-

73 1111 1288 81 cipaulx hereticques doibuent estre reiectez ⁊ chassez de tous fideles.

75 1166 1288 81 qõ. ulti. ¶ La peruerse heresie de Macedonius, ⁊ de ceulx qui a l en-

73 1229 1286 78 tour de luy, sont repugnantz au S. Esprit, est plus facile a endurer-

75 1278 1284 86 que symonte. Car ces hereticques, par leurs resuertes, confessent le

75 1341 1284 80 S. Esprit estre creature, ⁊ seruiteur du Pere ⁊ du Filz; mais ces sy-

75 1394 1282 82 moniacles font iceluy mesme S. Esprit seruiteur. ..q. .c. Eos. Ere-

73 1453 1282 72 corius in registro. ¶Puis quainsi est, que auarice est seruitude des

75 1511 1284 79 idoles, quiconque ne se garde dicelle, en donnant les dignitez eccle-

75 1564 1284 75 siasticques, il sera subiect uulgairement a la perdition de infidelite-

71 1621 1286 75 combien que semble tenir la foy, laquelle il m esprise. Deda in. ⁊. epi-

73 1682 1290 73 sto. Petri.⁊. ⁊. qõ. ⁊. Secuti sunt uiam Balaam. ¶ Plusieurs catho-

71 1743 1290 69 liques ayment tant le loyer diniquite, que les sauans mesme sont re

71 1798 1288 69 prins des ignares, ⁊ les clercz des laiz. Car ilz corrumpent la parol-

71 1855 1288 80 le de uerite, pour l amour de la pecune, ⁊ des desirs tẽporelz. Ilz plon-

71 1918 1286 64 gẽt ⁊ perdẽt leurs auditeurs, ausq̃lz ilz ne p̃schent pas choses salutai

71 1967 1259 100 res, q les corriaẽtrmais choses pleines derreurs, q̃ leur cõplaisent.

1153 2035 214 102 ¶ql fault
