1700 2447
648 116 729 96 Iesus sa Cene ordonne,

430 189 1149 94 uous pardonnera uoz pechez. Remettez ⁊ il uous sera remis,

434 258 1145 78 pourquoy Iesus nous a cõmande de prier. Et nous remet noz

430 318 1149 77 offences, ainsi que nous remettons a ceulx qui noꝰ ont offen-

434 362 1147 84 se. Il est un Dieu, ⁊ un mediateur de Dieu ⁊ des hõmes, lhõ-

420 426 1159 87 me Iesus Christ, qui sest donne soymesmes en redẽption poͬ

418 489 1165 65 tous. Si aucun a peche, nous auõs un aduocat enuers le Pe-

422 538 1163 83 re Iesus Christ le iuste, ⁊ celuy est la propitiation pour noz pe

424 597 1157 86 chez, ⁊ non seulement pour noz pechez; mais aussi pour ceulx

442 654 1145 80 de tout le monde. Il ny a point de salut en aucun autre; car il

426 713 1159 80 ny a autre nom dõne aux hões, auq̃l il noꝰ faille estre sauuez.

442 764 1143 92 Ie suis la uoye, la uerite, ⁊ la uie; nul ne uiẽt a mõ Pere q̃ par

438 821 1147 90 moy. Iehan ueoit Iesus uenir a luy, ⁊ dit; uoicy lagneau de

428 878 1161 90 dieu, uoicy celuy q̃ oste les pechez du mõde. Toꝰ ont peche, ⁊

428 938 1167 87 ont besoing de la gloire de Dieu, iustifiez sans deserte par la

430 1001 1161 83 grace diceluy, par la redemption laquelle est en Iesus Christ,

430 1054 1167 83 lequel Dieu a mis deuant soy reconciliateur par le sang dice-

442 1121 1153 65 luy. Iustifiez par foy, auons paix a Dieu par nostre Seigñr

432 1170 1165 82 Iesus Christ, par lequel nous auõs acces par foy en ceste gra

430 1227 1170 86 ce. C hrist est mort pour nous, pourquoy maintenant iustifiez

432 1284 1165 88 en son sang, serons deliurez de lyre par luy. Nous auons este

432 1347 1163 82 reconciliez a Dieu, par la mort de son filz, pourquoy reconci-

432 1413 1161 71 liez, seront sauuez en la uie diceluy. Nous nous glorifions en

432 1458 1161 81 Dieu par nostre Seigneur Iesus Christ, par leq̃l nous som-

446 1519 1147 73 mes recõciliez maintenãt. Uous estes faictz pres par le sang

442 1576 1145 81 de Christ; car il est nostre paix, qui a faict toꝰ les deux en un,

428 1641 1161 73 par iceluy nous auons acces tous deux en un esprit au Pere;

426 1686 1161 88 son bon plaisir a este, quen luy toute plenitude habitast; ⁊ que

426 1743 1159 86 par luy toutes choses fussent reconciliees enuers luy, appai-

426 1800 1153 80 sant par le sang de sa passion les choses qui sont. Il estoit de-

438 1865 1147 82 cẽt que celuy pour lequel sont toutes choses, ⁊ par lequel sont

424 1920 1163 80 toutes choses, auoir amene beaucoup denfans a gloire, quil

424 1980 1161 97 fut faict auteur parfaict de leur salut par passion ; afin que par

267 265 128 77 Mat.6.

269 326 126 53 Luc.6.

271 373 118 49 1.tim.2.

269 405 151 84 1.Jehã.2

275 640 116 102 Act.4.

273 791 133 61 Jehã.14.

277 838 129 53 Jehã.1.

273 929 108 62 Rom̃̃.3.

277 1107 129 89 Rom.5.

281 1511 121 69 Ephe.2.

279 1574 137 63 Colos.1.

271 1839 131 124 Ebre.2.

1428 2033 159 77 mort il
