1700 2447
242 114 937 81 en memoyre de sa mort ⁊ passion.

102 187 1169 76 mort il destruysist celuy qui auoit lempire de mort; cestadire, le

100 252 1169 68 diable. Il a fallu quil aye este semblable par toutes choses a

102 316 1167 71 ses freres a ce quil fut misericordieux ⁊ souuerain Sacrifica

100 373 1169 63 teur fidele enuers Dieu, afin quil purifiast les pechez du peu

100 422 1167 75 ple. Car en ce quil a souffert ⁊ a este tente il est puissant aussi

102 491 1159 63 de ayder a ceulx qui sont tentez. Nous auons le grand souue-

100 540 1163 71 rain. Sacrificateur Iesus filz de Dieu, q̃ a penetre les cieulx,

104 601 1163 69 tenõs la confession de nostre esperance; car nous nauõs point

106 650 1161 80 un souuerain. Sacrificateur, qui ne puisse auoir cõpassion de

104 717 1163 68 noz infirmitez; mais tente en toutes choses, par similitude

102 768 1159 72 sans peche. Allons donc au throsne de sa grace en fiance, afin

102 825 1165 72 que noꝰ obtenõs misericorde, ⁊ trouuõs grace en ayde cõuena

100 891 1148 69 ble. Christ ne sest point clarifie soymesmes, afin qͥl fut faict

100 942 1163 77 souuerain Sacrificateur, mais celuy qui a parle a luy. Tu es

102 1007 1157 67 mõ filz, au ioͬdhuy ie tay engẽdre, cõe aussi en autre lieu il dit.

106 1060 1159 69 Tu es Sacrisicateur eternellemẽt selon lordre de Melchise-

100 1117 1163 71 dec, leq̃l aux ioͬs de sa chair, offrit prieres ⁊ supplicatiõs a ce-

100 1176 1163 69 luy qͥ le pouoit sauuer de mort, auec grãd cry ⁊ larmes, ⁊ fut e-

102 1229 1163 71 xaulce poͬ sa reuerẽce. Et certes cõme ainsi fut, qͥl estoit filz de

100 1286 1167 78 Dieu, il apprĩt obediẽce par les choses qͥl souffrit, ⁊ luy qͥ estoit

100 1345 1159 70 tout parfaict, a este fait cause de salut eternel a toꝰ ceulx qͥ luy

102 1404 1165 68 obeissẽt, appelle de dieu souuerain sacrificate ͬ, selon lordre de

102 1462 1146 71 Melchisedec. Plusieͬs autres ont este faictz Sacrificateurs,

104 1515 1159 73 poͬ ce q̃ par la mort estoyẽt empeschez de demourer; mais cestuy

104 1570 1165 75 poͬ ce qͥl demeure eternellemẽt, il a sans fin loffice de Sacrifi-

106 1629 1163 73 cateur, pourquoy il peult sauuer perpetuellemẽt, ceulx qͥ sap-

108 1690 1161 69 prochẽt de Dieu par luy, uiuãt tousiours pour interceder poͬ

108 1741 1163 77 noꝰ; car il estoit cõuenable q̃ noꝰ eussiõs un tel souuerain Sa-

108 1802 1165 74 crificateur, sainct, innocẽt, sans macule, separe des pecheͬs, ⁊

112 1867 1159 68 plus hault que les cieulx, lequel na point necesstte; cõme les

108 1916 1163 78 souueraĩs Sacrificateurs, offrir tous les iours sacrifices, pre

120 1975 1145 74 mierement pour les propres pechez, puis apres pour ceulx

1279 495 110 73 Ebre.4.

1275 895 106 65 Ebre.5.

1279 1478 100 61 Ebre.7.

893 2028 368 92 I 2 du peuple
