1700 2447
636 114 735 98 Iesus sa Cene ordonne,

414 193 1161 78 du peuple; car il la faict en soy offrãt une foys. Certes la loy

418 256 1163 76 ordonne les hõmes souuerains Sacrificateurs, qui ont infir

418 318 1163 69 mite; mais la parolle du iurement, qui est apres la loy, ordon-

273 369 104 100 Ebr.6.

418 371 1163 83 ne le Filz parfaict eternellement. Nous auons un tel souue-

414 428 1171 75 rain. Sacrificateur, qͥ est assis a la dextre du siege de la maie-

414 485 1167 85 sie, es cieulx, ministre des sanctuaires, ⁊ du uray tabernacle,

414 546 1169 75 lequel Dieu a dresse, ⁊ non point lhõme. Sil estoit sur la terre

269 601 108 110 Ebr.9.

422 601 1159 82 il ne seroit point Sacrificateur. Christ souuerain Sacrifica

414 660 1165 74 teur des biens aduenir, est uenu en presence par un plus grãd

412 719 1167 84 ⁊ plus parfaict tabernacle; nõ point de la main, cest adire, non

414 774 1167 84 point de ceste creation; ⁊ non point par sang de boucz, ou de

412 834 1173 73 ueaulx, mais par son ꝓpre sang est entre une foys es sanctuai

412 887 1169 77 res, ⁊ a trouue redemption eternelle. Car si le sang des boucz,

410 946 1169 85 ⁊ toreaulx, ⁊ la cẽdre de la genisse esparse, sainctifie les souil-

412 1005 1167 71 lez pour la purification de la chair, combien plus fort le sang

412 1062 1169 75 de Christ? qui par le S. Esprit sest offert a Dieu soymesme

412 1115 1169 81 sans macule, nettoyera nostre conscience des oeures mortes,

412 1172 1169 86 pour seruira Dieu uiuant? Et pource il est mediateur du nou

412 1231 1169 82 ueau testament; affin que moyennant la mort, ceulx qui sont

412 1290 1169 76 appellez, receoyuent la promesse de Leternel heritage en la re

410 1351 1173 72 demtion des transgressions, lesquelles estoyent soubz le pre-

410 1402 1171 80 mier testament, il est necessaire que la mort du testateur y en-

412 1464 1171 75 treuiengne. Car le testament est conferme en ceux qui sont

412 1523 1165 73 mortz, aultrement ne uault riens encores, durant que celuy

414 1582 1171 69 qui a faict le testamẽt uit. Parquoy certes le premier na point

414 1635 1167 75 este desdie sans sang; car apres que le commandement de la

412 1690 1171 84 loy fut leu par Moyse a tout le peuple, il print le sang des

414 1755 1167 68 ueaux ⁊ boucz, auec de leau ⁊ de la laine teincte en rouge, ⁊ de

414 1808 1169 74 lysope, ⁊ arrousa le liure ⁊ tout le peuple du sang, semblable-

414 1859 1165 84 ment le tabernacle ⁊ tous les uaisseaux qui y seruoyẽt, ⁊ pres-

416 1922 1165 80 que toutes choses selon la loy sont nettoyces par sang; ⁊ sans

418 1975 1159 96 effusiõ de sans, il ne se faict point de remission. Il est doncqs

1451 2033 128 75 neces-
