1700 2447
665 130 710 84 Iesus sa Cene ordonne,

432 207 1168 78 nous, nous rachetãt ⁊ purgeant par son sang precieux; ⁊ aussi

432 269 1168 73 tous dune foy ⁊ dun mesme uouloir, aymant les unz les au-

430 324 1167 75 tres, cõme Iesus nous a aymez, soyons tous un. Et ne fault

430 381 1161 75 uenir indignemẽt a ceste saincte table, cõme font tous ceulx

432 442 1157 73 qui ne sont incorporez ⁊ inserez a Iesus par uiue foy, a quoy

432 499 1163 71 chascun doibt regarder sil a uraye foy; car autre ne le peult sa-

430 558 1165 68 uoir que celuy qui la, ⁊ainsi il se doibt prouuer soy mesmes,

432 613 1165 70 non pas que un autre le prouue, ne quil soit cerche quen son

432 670 1165 76 coeur. Il ne fault que personne soit mesprise, ⁊ que lon face ⁊

430 736 1167 69 donne autrement la table de nostre Seigneur a un que a lau-

430 783 1170 79 tre, mais a tous dune mesme sorte, en un mesme temps, cest

432 842 1165 73 quon attende lun lautre, prenans tous dun mesme pain, ⁊ dun

434 899 1157 77 mesme calice. Le pardõ ⁊ absolution des pechez, est par la foy

430 958 1172 73 quon ha a Iesus; au nom duquel lon demande au pere pardon

430 1021 1176 74 ⁊ remission des pechez, pardonnãt a tous; ⁊ ainsi nous est pro-

432 1072 1172 74 mis, ⁊ non autrement. Iesus est le seul mediateur, ⁊ aduocat, ⁊

432 1133 1165 63 recõciliateur, ⁊ propitiotion enuers le Pere, pour noz pechez,

430 1186 1167 70 ⁊ autre ny a. Iesus a faict un seul sacrifice parfaict une foys,

430 1243 1167 70 lequel sacrifice est tout autre que les sacrifices de la loy, qui

430 1303 1165 67 estoyent tous imparfaictz, qui ne pouuoyent oster les pechez.

432 1356 1168 79 Iesus na point de succeseur; car il est tousiours uiuant, ⁊ nest

430 1417 1163 67 empesche ꝑ la mort dexercer son office, cõe estoyẽt les autres

430 1474 1167 71 empeschez, il est puissant a sauuer eternellemẽt, autre purga

428 1531 1161 67 toire ne fault imaginer q̃ le seul sãg de Iesꝰ, qͥ est le seul chief

428 1584 1165 71 de Leglise son espouse, laq̃lle il nourrist de soymesmes; car il

426 1643 1165 71 est le pain de uie, ⁊ sa chair est dõnee poͬ le salut du monde, de

428 1702 1163 76 laquelle sont refectionnez ⁊ repeuz tous ceulx qui parfaicte-

426 1757 1167 70 ment croyent que Iesus est mort pour noz pechez, ⁊ ressuscite

426 1818 1169 68 pour nostre iustification; car en croyant en Iesus, ilz ont uie, ⁊

426 1876 1165 65 cest manger la chair, comme portent les parolles de uie, qui

430 1933 1167 69 sont Esprit. Pourquoy on ne regarde, ⁊ on ne se arreste au

426 1988 1176 89 pain ne au uin, cerchant ca bas Iesus ;mais toute la pensee du

1453 2049 144 92 fidele,
