1700 2447
555 114 904 100 Et le Pape la messe controuue,

424 203 1182 68 prenez ⁊ mangez. Parquoy cleremẽt est cõgneu, que celuy con-

426 256 1180 70 cile est hereticque ⁊ reprouue de Dieu, irrirãt ⁊ mettãt a neant

426 309 1176 84 le sainct cõmandement de Iesus, pour leur meschante cõclu-

432 369 1172 73 sion ⁊ arrest, ⁊ non seulemẽt le cõmandement de Dieu; mais

430 430 1174 73 leurs malheureux decretz, qui cõmande quon prenne le pain,

432 483 1174 75 ⁊ le calice entieremẽt, ou quon sabstienne de tous deux. Il est

444 546 1158 67 dit que la messe est cõme un iugement, une court, une justice.

463 601 1139 78 Le canon est laction ⁊ le demainement de la cause ⁊ du plait,

455 662 1147 70 loratoire est le pretoire, laudience, le lieu de iustice, Dieu est le

457 719 1143 68 iuge;le diable est laccusateur, les ministres, sõt les tesmoĩgz;

455 768 1147 78 le sacrificateur, cest adire celuy qui faict loffice sacerdotal, est

448 831 1154 68 laduocat ⁊ le deffenseur, il est Moyse, qui faict les allegatiõs,

453 884 1151 78 pour la cause du peuple, par son patrocine la fallace de laccusa

434 950 1172 69 teur est confutee, nostre iunocence demonstree ⁊ absolue, lire

434 999 1172 79 du iuge appaisee ⁊ par misericorde la coulpe est remise; Con-

440 1064 1164 71 ferez ces parolles, a ce que nostre Seigneur a dit de sa Cene,

432 1121 1172 69 cõmandant quelle fut faicte en sa memoire, ⁊ nottez les motz

434 1176 1172 63 que Iesus a dit des faulx Christz ⁊ uerrez estre accõplis es

432 1227 1172 82 prestres du Pape, qui bien sappellent sacerdotes, cest adire sa-

434 1290 1170 72 crificateurs, car ilz sont telz, ⁊ non presbyteri; prestres, cest adi

451 1349 1151 80 re anciens, cõme ilz doibuent estre, ainsi que S. Paul en a e-

457 1409 1143 67 script; Loffice du uray Christ, cest estre aduocat, intercesseur

457 1462 1143 75 pour le peuple, ⁊ moyenneur entre Dieu ⁊ les hões. Et tel est

453 1517 1147 73 nr̃e Seigñr Iesꝰ, qͥ a prins nr̃e cause ⁊ est nr̃e patrocinateur,

461 1578 1139 71 nostre patron;noꝰ sommes en sa sauue garde, il a destruict tou

436 1631 1164 77 te la puissance diabolicque, nous faisans innocẽs, ostant lo-

448 1684 1152 88 blige qui nous estoit cõtraire, faisant la paix, par lequel, gra-

453 1749 1142 67 ce ⁊ uerite nous est donnee. Et le chanteur de messe , ueult a-

432 1800 1170 78 uoir tout cecy en iouant de passe passe, pourtant qͥl est bien des-

436 1859 1168 74 guise auec son beguin, pour dormir deux foys, ayãt la chemi-

436 1918 1168 72 se sur la robbe, tant sont ingratz les papistes quilz nont hon

436 1975 1166 106 te de dire ⁊ pẽser, que le prestre face ce que Iesus seul a peu fai-

297 593 164 63 De ꝯsec.

300 646 128 51 distin.2.

295 689 149 53 comperi-

306 727 100 49 mus.

300 766 110 55 Ratio

297 805 121 53 diuino.

297 850 115 51 officio.

293 880 111 86 libro.4.

293 1331 135 57 1.timo.3.

293 1372 135 57 Tite.1.

297 1409 131 55 1.Ieh.2.

293 1447 135 66 Rom 8.

293 1500 145 51 1. timo.2.

300 1543 140 55 Colos.2.

293 1578 131 61 Ephe.2.

293 1617 107 65 Ieh.1.

1473 2043 129 83 re, ⁊ a
