1700 2447
842 114 270 93 Epistre.

406 193 1171 80 ⁊ des officiers, qui ont puissance sur les corps, tachans de de-

406 258 1165 66 struire ceulx qui monstrent leur estat, ⁊ a ce par tous moyens

408 316 1161 63 quil est possible de penser trauaillent par legatz, messagiers,

406 369 1167 73 dons, promesses, ⁊ autres uoyes. Mais par cecy nest cõgneue

406 432 1165 59 la racine du mal;pourtant quon ne regarde que la uie du Pa-

404 485 1167 65 pe ⁊ des siens; car la plus part des hõmes pẽsent que si le Pa-

410 548 1163 73 pe ⁊ les siens uiuoyent selon leur estat, selon leurs rigles ⁊ de-

406 601 1165 73 cretz, quilz seroyent gens de bien; ⁊ sont en cecy grandement

406 650 1159 75 abusez. Car nonobstãt que la vie ⁊ le train du Pape soit tres-

406 715 1161 70 paoure, ⁊ fort meschant, beaucoup plus est sa doctrine ⁊ ses or

404 768 1167 78 donnances paoure, meschante, horrible, damnable, ⁊ detesta-

404 819 1163 90 ble. Afin dõc quon cõgnoisse l estat du Pape en soy, quel il est,

404 878 1163 84 q̃lles sont ses ordonnãces, sans faire mention des uies des

400 940 1169 83 Papes, comme des fardemens, enchanterie, ⁊ toute puantise

400 1001 1163 71 de Pape Paul, ne Dalexãdre, qui entre autres cas enormes

395 1060 1170 69 couchoit auec sa fille propre Lucresse; de laquelle auoit la cõ-

395 1113 1174 79 paignie son frere le Duc de Ualentinoys filz dudict Alexan-

393 1170 1170 73 dre, pourquoy Lepitaphe de celle Lucresse contenoit quelle

393 1229 1170 71 estoit fille, femme, ⁊ belle fille de Alexandre. Des meurtres

391 1288 1170 72 ⁊ horribles effusions de sang de Iulle, auec son yurongnerie

391 1339 1168 76 ⁊ execrable paillardise, ne de la gourmandise, ⁊ uie detestable

391 1396 1168 82 de Leon, ne des enchanteries, empoisonnemens, trahisons

389 1460 1168 71 parricides, ⁊ autres choses plus q̃ diabolicques de Clement

389 1508 1162 80 ne faisons mention. Mais mettrons Iesus dun coste uray

389 1570 1168 77 Filz de Dieu, chief ⁊ Sauueur unicque de la saincte eglise qͥl

387 1621 1170 83 a faict ⁊ cõmande. Et de l autre le Pape chief de l eglise Rom-

385 1688 1168 75 maine ⁊ ses decretz ⁊ ordonnances; afin que les consciences

385 1743 1172 82 craintiues (qui ont pense la papaulte estre de Dieu, ⁊ qui ont

385 1800 1172 82 plus tremble pour les fulminatiõs des Papes, ⁊ plus craint

385 1849 1172 88 de passer les ordonnances papales, que la loy de Dieu) soyẽt

383 1910 1172 88 deliurees de ceste tyrannie, ⁊ que plainement se retournẽt au

381 1973 1170 98 uray Dieu, par nostre Seigneur Jesus, suyuant iceluy seul-

255 986 147 62 Pape ᗅ

257 1035 114 49 lexan-

257 1070 71 86 dre.

1444 2037 113 85 ⁊ sar-
