1700 2447
379 122 676 88 chief de toute abusion.

100 197 1181 88 res ⁊ a parfaict par sa mort ⁊ passion. Cõment nõt honte ces

100 261 1173 81 paoures pecheurs de soy mettre au lieu du Filz de Dieu, ⁊ soy

100 320 1183 69 appeller mediateurs de Dieu ⁊ des hõmes? ainsi cõme con-

97 373 1186 77 tiennent leurs oraisons, que cõmunement ilz disent deuũt la

100 432 1181 79 messe, ⁊ cõme la messe aussi donne a entendre , laq̃lle n est que

106 491 1171 79 pour faire diuiston ⁊ separation;. cõme si nous nestions tous

106 542 1173 79 freres rachetez d un mesme pris nayant, tous un mesme acces

106 603 1177 76 au Pere;mais que les unz, cõme tresdignes soyent pres ⁊ au

106 658 1175 78 dessus, ⁊ les autres cõme indignes ⁊ reiectez, soyent loing,ne

106 717 1175 86 osant approcher, ne faire la Cene comme les autres, laquelle

106 772 1173 86 chose nest que secte ⁊ diuision. Les prestres ne prennent ilz cõ-

104 834 1177 85 tinuellement le pain ⁊ le calice a part ⁊ seulz, faisans cõtre lor

106 893 1175 73 donnance de nostre Seigneur? pource ilz ne peuuent manger

104 948 1179 77 la Cene de nostre Seigneur, laquelle doibt estre prinse ⁊ fai

100 1007 1179 77 cte de tous ensemble, silz ne la font, ⁊ si ce nest la Cene de no

106 1062 1175 81 stre Seigneur, de qui sera elle? La probation du Pape est soy

102 1123 1179 71 confesser de tous les pechez quon a cõmis de pẽsee, de parolle

104 1178 1183 82 ⁊ de faict, ⁊ les dire a son propre cure, a tout le moins une foys

104 1235 1177 84 lan, ⁊ accõplir sa penitence; ⁊ apres la confession ⁊ satisfation

110 1300 1171 62 puissent uenir aux sacremens ⁊ cõmunicquer. De la proba-

112 1347 1169 86 tion de laquelle parle le S. Apostre nest point de mention: ne

106 1409 1175 75 aussi de asseurer les consciences destre deliurees par foy, laq̃l

108 1470 1171 69 le elles ont en Iesus, par laq̃lle les coeurs sont purgez ⁊ noꝰ

108 1525 1171 67 sommes iustifiez. Et quen pardõnant lon aye pardon, de ce ne

112 1584 1167 73 faict on aucune mention, fors quen faisant dire tant de mes-

110 1641 1171 69 ses, ⁊ quon faict tant de chanters, ⁊ quon gaigne tant de par

106 1700 1171 72 dons, ⁊ quon prent des indulgences, tant de iubilez, ⁊ plenie-

108 1761 1169 68 re remissiõs de peine ⁊ de coulpe, quõ gaigne en dõnant ce que

104 1812 1171 74 le Pape a constitue en sa bulle, cõbien que S. Pierre les die

106 1871 1167 72 mauldictz, disant a celuy qui offroit argent pour auoir le don

104 1929 1175 65 de Dieu. Ton argent soit auec toy en perdition / qui as pen-

104 1988 1169 85 se quon aye le don de Dieu par argent. Et ainsi les hommes

1295 1080 125 72 Extra.

1291 1133 141 63 de peni. ⁊

1287 1178 137 98 remssi

1291 1229 129 47 Omnis

1287 1260 133 57 vtriusqz

1285 1305 137 53 seꝰ.⁊ de

1297 1356 119 44 pendit. ⁊

1291 1388 117 86 Multi-

1285 1421 86 116 plex.

1281 1945 94 77 Act.8.

991 2043 280 92 k 3  sont
