1700 2447
379 122 676 88 chief de toute abusion.

100 197 1181 88 res ⁊ a parfaict par sa mort ⁊ passion. Cõment nõt honte ces

100 261 1173 81 paoures pecheurs de soy mettre au lieu du Filz de Dieu, ⁊ soy

100 320 1183 69 appeller mediateurs de Dieu ⁊ des hõmes? ainsi cõme con-

97 373 1186 77 tiennent leurs oraisons, que cõmunement ilz disent deuãt la

100 432 1181 79 messe, ⁊ cõme la messe aussi donne a entendre , laq̃lle nest que

106 491 1171 79 pour faire diuision ⁊ separation;. cõme si nous nestions tous

106 542 1173 79 freres rachetez dun mesme pris nayant, tous un mesme acces

106 603 1177 76 au Pere;mais que les unz, cõme tresdignes soyent pres ⁊ au

106 658 1175 78 dessus, ⁊ les autres cõme indignes ⁊ reiectez, soyent loing,ne

106 717 1175 86 osant approcher, ne faire la Cene comme les autres, laquelle

106 772 1173 86 chose nest que secte ⁊ diuision. Les prestres ne prennent ilz cõ-

104 834 1177 85 tinuellement le pain ⁊ le calice a part ⁊ seulz, faisans cõtre lor

106 893 1175 73 donnance de nostre Seigneur; pource ilz ne peuuent manger

104 948 1179 77 la Cene de nostre Seigneur, laquelle doibt estre prinse ⁊ fai

100 1007 1179 77 cte de tous ensemble, silz ne la font, ⁊ si ce nest la Cene de no

106 1066 1159 77 stre Seigneur, de qui sera elle? La probation du Pape est soy

102 1123 1163 73 confesser de tous les pechez quon a cõmis de pẽsee, de parolle

108 1184 1155 68 ⁊ de faict, ⁊ les dire a son propre cure, a tout le moins une foys

104 1235 1173 82 lan, ⁊ accõplir sa penitence; ⁊ apres la confession ⁊ satisfation

110 1294 1167 87 puissent uenir aux sacremens ⁊ cõmunicquer. De la proba-

112 1349 1157 74 tion de laquelle parle le S. Apostre nest point de mention; ne

106 1409 1171 75 aussi de asseurer les consciences destre deliurees par foy, laq̃l

108 1470 1171 69 le elles ont en Iesus, par laq̃lle les coeurs sont purgez ⁊ noꝰ-

108 1525 1171 67 sommes iustifiez. Et quen pardõnant lon aye pardon, de ce ne

112 1584 1167 73 faict on aucune mention, fors quen faisant dire tant de mes-

110 1641 1171 69 ses, ⁊ quon faict tant de chanters, ⁊ quon gaigne tant de par

106 1700 1171 72 dons, ⁊ quon prent des indulgences, tant de iubilez, ⁊ plenie-

108 1761 1169 68 re remissiõs de peine ⁊ de coulpe, quõ gaigne en dõnant ce que

104 1812 1171 74 le Pape a constitue en sa bulle, cõbien que S. Pierre les die

106 1871 1167 72 mauldictz, disant a celuy qui offroit argent pour auoir le don

104 1931 1165 69 de Dieu. Ton argent soit auec toy en perdition, qui as pen-

104 1988 1169 85 se quon aye le don de Dieu par argent. Et ainsi les hommes

1279 1068 125 84 Extra.

1289 1135 133 64 de peni. ⁊

1293 1260 127 55 utriusqz

1293 1300 129 60 sexꝰ. ⁊ de

1297 1388 111 65 Multi.

1293 1427 78 112 plex.

989 2047 294 83 K 3

1289 1937 86 83 Act.3.
