1700 2447
369 122 673 81 cbief de toute abusion.

97 203 1178 74 ue tant de fassons, fors que fatre en la memotre de Iesus, ans

102 258 1106 76 noncer la mort du Seigneur, tusques a ce qu il uiengne.

104 320 1169 71 Quant est de l ouuerture du Ciel a la uoix du Sacriflca-

104 375 1173 73 teur, ie croy plustost que pour les blasphemes ⁊ horibles a-

104 434 1169 73 bominations que commettent les prebstres en leurs messes-

106 487 1169 75 que le Ciel est tout clotz ⁊ ferme, comme monstrent les tres-

106 550 1165 69 grosses tenebres, qui ont remply tout le monde, par si grosse

104 607 1171 67 ignorance, tellement que le peuple ne fut iamais ainst aueu-

104 662 1171 72 gle, comme il a este par le Pape ⁊ les siens. Des Anges qui

102 721 1169 70 sont ainsi preseus en telles bauldes, qui luy a dit;ou la il leu;

104 774 1169 80 cõment le sait il; nous sauons que les Anges ne peuuẽt estre

102 838 1173 69 par tout, s ilz sont en aucun tẽps en un lieus en ce mesme ilz ne

104 895 1169 73 peuuẽt estre en unautre. Di on faisoit la Cene comme nostre

104 952 1171 77 Seigneur la cõmãde, que tous ceulx qui sont d une assemblee

100 1009 1173 71 n en fissent que unes uenãt tous ensemble, il y auroit quelque

102 1066 1173 71 apparence. Maintenant ou chascun prestre dit sa messe, par

100 1125 1173 71 tant de lieux sur laterre, ⁊ en un mesme tẽple en si grãd nõbre

100 1176 1179 76 que a bon droict un personnage sasche de regarder tant desle-

100 1233 1169 84 uations que les prestres, chantãs leurs messes faisoyẽt, dit;

100 1296 1173 70 cecy est une garaine de dieux, pourtant quon les uoyoit sortir

104 1347 1165 82 ⁊ estre demenez des mains des prestres, comme de counilz en

102 1411 1173 69 une garene. Qui pourra dire que les Anges soyent en tant de

102 1462 1169 73 lieux. Aucuns pour magnifier plus la dignite des prestres-

102 1521 1169 71 mettent en la messe, uenir toute la court celestielle, que Dieu

102 1580 1167 71 ⁊ tous ses Anges descendent du ciel, auec la uierge Marie ⁊

102 1639 1169 71 tous les saincz ⁊ sainctes. Et qui fut iamais si subiect a pail-

102 1692 1171 71 lard, cõme seroyent tous a la uoix du putier prestre. Mais por

102 1755 1169 65 uray il y a plus de raison,que les diables soyẽt presens, pour-

102 1812 1169 66 tãt que par l instigatiõ ⁊ uertu de Satan, la messe a este consti-

102 1869 1165 70 tuee, ⁊ la saincte Cene denr̃e Seigũr abrogee ⁊ du tout ostee.

102 1922 1155 78 Poͬquoy tãt de croix sont saictes cõme ilz disent afin que la

104 1980 1183 93 malignite diabolic que soit chassee, en quoy lont uoit, qu ilz

1095 2045 174 83 ne sauẽt

1285 1927 129 87 Ratio di

1285 2010 123 69 vin. offi.
