1700 2447
328 122 669 88 chief de toute abusion.

67 220 1153 69 uotre comme leurs parolles cõtiennent; le Pape tient le lieu, difi. A

1240 216 135 63 distin.21.

67 258 1153 86 non de pur homme, mais du uray Dieu. Et disent que loffice

67 324 1153 77 sacerdotal a este transfere de Christ a Pierre, ⁊ de Pierre ilz

1238 309 131 49 extra de

67 381 1153 79 ueulent que tous les Papes soyent successeurs, ⁊ ainsi plus.

1238 348 129 55 transla.

1236 387 127 61 Quãto

75 440 1145 77 sieurs sont ordonnez a cause de leur mort ⁊ deces, ainsi qu il

69 493 1151 77 est aduenua Aaron ⁊ a ses successeurs, qui sont uenus apres

1238 473 129 61 cap. trãs

69 552 1151 76 luy. Et ainsi Christ n auroir point l office sacerdoral eterncl,

1240 513 123 55 ta de cõ

1238 558 125 53 tra de cõ

69 603 1151 82 qui est grosse blaspheme contre la parolle de Dieu. Le Pape

65 668 1155 72 rẽuersant ce qui est dit du sang de Iesus, qui nous purifte des

1238 640 119 55 Cbreo.

69 727 1145 70 oeuures mortes, dit. Nous benissons leaue aspeisee du se

65 781 1167 87 aux peuples, afin que tous aspersez d icelle soyent sanciifiez

67 844 1165 65 st purisiez ce que doibuẽt faire tous les Sacrificateurs. C ar

1234 803 129 98 Aquam

1236 848 76 67 sale.

69 897 1167 71 si la cendre de la genisse esparse sanctiftoit ⁊ nettoyoit le peu-

69 950 1169 75 ple, par plus forte raison l eaueaspersee du sel ⁊ sacree par prie-

69 1005 1161 90 res diuines, sanctifie ⁊ nettoye le peuple. Et si le sel asperse

69 1062 1161 86 par Gelisee le ꝓphete a guery la sterilite de l eaue, par plus for-

69 1121 1169 75 te raison le sel sacrepar diuines prieres ostera la sterilite des

69 1180 1167 86 choses humaines; ⁊ sanctifie ⁊ purge les souillez, muluiplie

71 1233 1163 78 les biẽs, ⁊ chasse les espies ⁊ aguetz du diable, ⁊ garde les hõ-

69 1294 1175 76 mes des phantasmes ⁊ de trõperies. Uoyla les parolles de la

75 1347 1171 80 beste, qui ainsi blaspheme ⁊ destruict la parolle de Dieu, ⁊ ain.

73 1407 1171 79 si qu asi par tout ila faict. En la premiere Eglise tous les ioͬs

73 1468 1171 81 lon faisoit la Cene, laquelle estoit prinse de touss puis l on la

1246 1433 105 59 Ratio.

1242 1474 123 57 divinor.

75 1519 1169 89 mis au dimenche, apres a este ordonne de la faire troys foys .

79 1576 1157 79 l an, puis une; ⁊ le dimenche est dõne le pain benict, au lieu de

1244 1562 115 59 lib.iiii.

77 1635 1167 77 la. Cene ,ainsi disent ilz. La redemption de Iesus ⁊ tout ce qͥl

81 1690 1157 79 a faict pour son Ealise s en la messe est mis a neant autant cõ-

81 1749 1157 88 me les Papes ont peut renuoyans a Dieu, cõme ilz disent,

83 1806 1165 84 ce qui leur a donne. Carilz disent, offrir pour L eglise saincte

83 1869 1172 76 catholicque, en la premiere partie du canon, ⁊ pour la redem-

85 1920 1176 84 pion des uiuans, lesquelz ilz nomment en leur premier me-

87 1980 1174 99 Aento, ⁊ pour les assisiens ⁊ presens, qui sont ditz offrir auec

1024 2047 229 102 L celuy

1238 267 141 59 In nouo

1238 430 125 61 glossa ĩ

1238 599 121 57 stitutio.

1234 727 143 64 De cose.

1234 762 119 61 distin.3.

1244 1519 145 57 officioru
