1700 2447
593 130 904 86 Et le Pape la messe controuues

438 203 1178 80 celuy qul chante la messe, ⁊ pour les autres , comme contlent

444 269 1174 77 ledict premier memento. Et en leur communicantes, ilz font

442 330 1172 75 commemoration d autres que de Iesus, au contraire de ce que

446 383 1166 77 Nesus a commande, c est qu on fist en sa commemoration. Les

444 440 1170 73 parolles quon doibt dire a tout homme ⁊ prescher en grãd uer-

444 501 1166 76 tu, sont dictes sur le pain, ⁊ sur le uin secretiement; ⁊ cest afin

448 554 1164 76 quelles ne soyent uilipeudees ⁊ mesprisees, ⁊ par semblable

448 617 1166 70 raison le pape ⁊ les siens se peuuent excuser, pourquoy ilz nõt

448 672 1164 74 presche Leuangile, cestafin que Leuãgile ⁊ eulx aussi ne fus-

463 725 1149 78 sent mesprisez, en ce estant plus sages que Dieu, qui ueult

475 785 1135 75 quon crie sans cesser, ⁊ quon annonce au peuple son peche; ⁊

475 844 1137 67 aussi contre l expres commandement d aller par tout le mon-

448 897 1166 71 de prescher aussi Leuangile a toute creature, ce quõt faict les

448 958 1166 73 Apostres; ⁊ quelque mespris ⁊ contemnement, qui soit adue-

448 1015 1164 69 nu, nont delaisse, ne parauant nostre Seigneur esus spre-

448 1070 1168 76 schant en grosse diligence par tout. Lon faictadorer le pain ⁊

446 1131 1166 68 le calice en la messe, gpres les parolles sacramentales cõme

448 1186 1166 72 ilz disent, lesquelles st ne sont proserees deuement ⁊ auec l in

446 1237 1166 76 tention de consacrer, ⁊ sur matiere deue, le peuple seroit idola-

446 1300 1162 68 tres adorant pour Dieu, ce qui n est point Dieu; car toutes les

448 1358 1160 69 choses dessu dictes, sont requises necessairement auec ce que

444 1413 1166 75 celuy qui profere les parolles soit prestre, ⁊ que le charactere

442 1472 1158 79 luy soit imprime, poͬ muer le pain ⁊ en faire un Dieu; en quoy

442 1521 1166 77 bien monstrent leur cas estre fonde sur neige ⁊ sur la sable; car

442 1586 1164 71 selon leur doctrine mesmes tous ceulx qui oyent messe ⁊ ado-

440 1643 1166 73 rent le sacrement, sont en dangier destre idolatres, ainsi que

438 1690 1166 82 urayement ilz le sont, cõme contient la parolle de Dieu. Car

436 1749 1166 80 ilz ne sauent si celuy qui chante est prestre, ne qu elle intention

434 1808 1166 88 il ha;car autre ne la sait que Dieu. Des parolles ilz ne sauẽt

434 1871 1161 74 aussi, ueu quelles sont dictes que personne ne les oyt ⁊ entẽd.

432 1929 1165 77 Et a rien ne sert, ce que de Quercu Docteur de Paris pre-

428 1977 1167 104 schoit a Paris en Gresue; que celuy qut adore le sacrement-

306 719 130 102 Esa.58.

306 805 147 106 Mar.16

1391 2047 202 75 doibt dire
