1700 2447
324 114 684 81 cbies detoute abusion.

73 185 1180 82 dotbt dire en soy. Setgneur sttu es las ⁊ qus le prestre aye failx

79 252 1174 72 son debuoir, te ladors; autremeut non. Gur il ie fault adorer

81 309 1172 72 Dieu par condition n en doubte; mais en, plaine foy ⁊ ceriitu-

81 369 1172 73 de, que ce que nous adorons, est le uray ⁊ seul Dieu, ou autre-

83 424 1168 71 ment ie pourroye dire adorant une pierre, ou quelque autre

83 483 1165 73 chose, Seigneur ie tadors situ es ceste pierre, ⁊ si tu ueulx en

85 542 1166 67 icelle estre adore; aultrement ie ne tadore point, laquelle ado-

85 597 1161 77 ration est contre Dieu ⁊ uraye idolatris, car Dieu deffend ex-

83 658 1165 63 pressement, de soy incliner a chose faicte des mains des. hom-

85 715 1166 70 mes. En tenant ⁊ confessant la. doctrine du Pape, qus a la

85 768 1168 72 uoix du prestre le corps de Jesus descend du cielt ⁊ qu il est rea

83 827 1168 70 lement ⁊ corporellement soubz les especes du pain, lequel est

83 889 1165 71 transubstantie au corps de Christ; ⁊ le sang aussi soubz les

85 946 1166 71 especes de uin, que aussi est transubstantie au sang, tellement

85 1001 1161 67 qu ilnt a plus ne pain ne uin, cecy croyant. ⁊ confessant, l on

85 1058 1161 71 renonce la foy ⁊ la creance que tous C hrestiens tiennent ⁊

85 1117 1163 65 confessent estre uraye; ⁊ la repute l on faulse, car tous croyons

85 1174 1163 65 que nostre Scigneur Iesus est resuscite en son propre corps-

87 1231 1161 72 auq̃l uisiblement uoyans ses Apostres, il estmõte es cieulx-

85 1288 1161 70 est assis a la dextre du Pere. ⁊ de la uiendra iuger les uifz ⁊

89 1341 1166 70 les mortz, uenant comme il est monte en gloire ⁊ maieste, ou-

89 1402 1164 74 uertement ⁊ uisiblement. Quon examine les passages qu ilz

91 1455 1164 70 deffendent de croyre a ceulx qui disent icy est Christ, ou la, ⁊

93 1515 1160 69 qu ilz monstrent qu il fault cercher les choses qui sont la sus-

91 1576 1166 65 ou Iesus est assis a la dextre du Pere ⁊ non celles qui sont sur

93 1629 1164 75 la terre; comme est le sacrement. En qu elle escripture est cou-

91 1688 1168 67 tenu q̃ les prestres ayẽt la puissance de faire descendre le corps

93 1743 1170 69 de Iesus du cielx qui leur a dõne ne cõmãder de muer le pain au

91 1802 1170 78 corps de Iesꝰ, ⁊ le uin en son sans poͬ l enclorre ⁊ enfermer de-

93 1857 1170 78 dans. un armaire ⁊ le porter dedãs une boyste; ilz ne sauroyẽt

97 1920 1166 66 guerir un pied de mouche, combien que nostre Seigneur a

97 1973 1166 98 Spres cõmandemẽs a ses Aposires de querir les mala-

926 2033 331 73 L 2 des, ce
