1700 2447
375 114 667 91 chief de toute abusion.

91 181 1176 92 blement apres la consecration traictesrompu ⁊ brise des dentz

95 246 1166 76 des fidelesscommeilz ont contrainct Berengarius de lyre a

97 297 1164 80 Rome en leur concile, ⁊ est recite en leur decret, c est chose hor-

97 360 1156 74 nble de penser; car sil estoit comme ilz disent, iamais ne fut per

93 418 1164 71 sonne si paoure ⁊ mauldicte que ce paoure Dieu, a qui tous

93 475 1164 77 les tours ilz sont tant de tourmentz, le tenãt en prison, le rom

97 532 1162 81 pant, le mãgeant, le bruslant quãd il est un peu gaste, ou pour-

100 589 1159 77 ry,ou mange des uers, toutes ses blasphemes ⁊ mocqueries

97 650 1158 65 uiennent de leur peruerse doctrine. Par l aquelle ueullent de cõsed

97 705 1164 82 hardimẽt affermer, que la chair de C hrist est tous les iours difun⁊.

97 764 1154 80 immolee, sacrifiee, pour la uie dumonde, qui repugne tout.

106 817 1147 72 la parolle de nostre Seignenr, qui dit auoir este immole une qeungr

100 878 1161 68 foys. ¶ Pour le present ne monstrons labuston qui est

95 935 1172 76 au demourant de la messe es grandz Leyrte eleison aux introt

91 995 1170 73 tes, oraisons, epistres, respondz, es chantemẽtz de Leuangi

97 1056 1164 69 le, gradualz offertoires, ⁊ autres choses quon lit ⁊ chãte con-

93 1107 1174 73 tre l ordonnance de Dieu, ⁊ tout en autre l angaige que Dieu

97 1166 1137 71 na commande, la ou il n y apoint de fruict ne dedification.

97 1215 1164 79 Parquoy tous Chrestiẽs ⁊ fideles, pour l amour diceluy, quĩ

97 1284 1162 67 pour nous est mort; ⁊ qui en sa memoire a ordonne sa saincte

97 1333 1164 78 table, prenez la pure ⁊ simple ordõnance du bon Sauueur  Ie-

97 1388 1160 72 sus, duquel ⁊ par lequel uous auez tout bien, quon ne chance

97 1449 1158 78 point, laissez les grosses blasphemes de la messe du Papel

100 1511 1161 69 duquel ⁊ par lequel iamais n est uenu que mal, prenez ⁊ te-

97 1564 1160 79 nez ce qui qst de Dieu, ⁊ tout certain; laissez ce qui est du Pa-

100 1621 1159 75 pe ⁊ tourincertainx ⁊ainsi suyuãtz Iesus uraye l umiere, uous

100 1686 1157 88 ne trez point en tenebres; mais aurez uraye l umiere, uous

95 1737 723 94 trouuerez pasture ⁊ repos a uoz ames.

1259 346 134 61 de cõsec.

1263 391 112 59 distin.2.

1261 434 132 61 Ego be-

1259 481 120 61 rẽgariꝰ.

1263 674 137 68 de cõsec.

1259 717 147 66 distin.2.

1253 760 153 175 Iterãt. ⁊

1257 821 149 119 Omnia

1267 858 133 82 q̃cunqz.

885 1765 370 131 L 3 ¶Sẽtez
