1700 2447
600 114 269 83 Epistre .

89 195 1178 72 ⁊ sarrestant a sa saincte parolle, tellement que tout le monde

89 248 1172 86 deliure de l erreur ⁊ abusion Papisticque, delaissant uanite,

89 307 1172 80 suyue la uerite, retournant au uray Dieu, qui a faict le ciel ⁊

89 360 1172 80 la terre, ladorant ⁊ seruant a luy seul, uiuant tous comme fre-

89 422 1172 71 res, en uraye charite, sans tuer ⁊ meurtrir l un l autre, comme

87 481 1172 75 l on a faict iusques a present, espanchant le sang innocent, per

87 540 1168 67 secutant Iesus en ses membres, par feu, glaiue, ⁊ autres tor-

87 591 1174 83 mentz, par faulte de congnoistre Iesus ⁊ sa parolle; ⁊ ce a l in-

85 654 1170 76 stigation du Pape ⁊ des siens, pour maintenir ses abomina-

85 713 670 61 tlons ⁊ mauldictes ordonnances.

144 760 1113 78 Dieu plain de toute bonte ⁊ misericorde illumine tellemẽt

83 815 1170 80 le coeur d un chascun, que toꝰ uoyent ⁊ cõgnoissent la uerite, le

81 876 1172 82 chemin de uie, ⁊ de salut, ⁊ que tous le tiennent uiuant, tous

83 940 1172 75 sainctement en une loy, foy, ⁊ Euangile de uerite, en l hõneur

83 1001 1172 69 ⁊ gloire du nom de Dieu, ⁊ edification l un de l autre, tellemẽt

85 1058 1166 63 quen L eglise ny aye autre chief que Iesus, quon ne tiẽne au-

83 1113 1174 73 tre chose que ce quil a ordonne purement ⁊ simplement; ainsi

85 1164 1170 88 que ses bons seruiteurs les sainctz Apostres ⁊ Euangelistes

83 1221 251 67 ont presche.

142 1272 1115 82 Le bon plaisir du Seigneur de tous, qui tout a faict, soit

81 1337 1174 72 par sa bonte, enuoyer par toute la terre, urays annonciateurs

81 1400 1174 70 du S. Euangile, qui sainctement ⁊ purement preschent la ue

81 1458 1172 75 rite, cõme le uray Sauueur Iesus, a commande, sans y riens

142 1508 1051 88 mesler, faisant que tous prennent la uerite, ⁊ que tous

208 1570 928 69 soyõs amenez au troupeau de Iesus, faictz tous

238 1627 857 67 un troupeau de Iesus qui soit le seul pasteur

295 1686 758 77 regnãt au coeur de toꝰ par le S. Esprit,

338 1751 670 65 qui nous ameine ⁊ conduise tous

416 1798 510 80 par le droict chemin, iu-

526 1855 292 84 sques a la fin.

585 1914 153 74 Amen.

875 1996 361 126 A 3 ¶ Chrih,
