1700 2447
451 138 581 88 Epistre proffitable.

130 210 1165 83 ueur, si tresdoulx ⁊ si tres amyable, que tous qui l entendent

130 277 1163 75 sont tirez a l aymer, ⁊ certes toute haine de Iesus uient pour-

130 332 1163 75 tant qu il nest pas cõgneu, ne la saincte Escripture, ainsi quil

130 387 1161 82 appartient bien declaree. Cela est ce qua tasche son aduersai-

130 446 1159 80 re l homme de peche, qui nous a seduict iusques a present, cõ-

130 505 1159 72 me icy appert, non pas par choses controuuees; mais par ses

130 560 1155 70 decretz ⁊ canons, qui sont parauant alleguez, qui de tout re-

130 617 1157 76 pugnent a l amitie de Iesus, comme clerement on peult ueoir

126 679 1159 73 conferant la saincte Escripture auec eulx, car l on ueoit bien

128 736 1157 71 que toute son intention est de cercher sa gloire, ⁊ de mettre les

126 793 1161 69 Chrestiens en toute servitude, ⁊ par tous moyens desrober

124 850 1159 73 le monde; la ou Iesus ne cerche que la gloire de son pere, ⁊ noꝰ

126 907 1157 69 mettre en liberte ⁊ franchise d esprit, en repos de conscience, ⁊

122 962 1163 77 toute asseurance de salut. Ie uous prie pensez quel moyen eust

124 1021 1159 69 peu trouuer le Pape ⁊ les siens, pour decepuoir le monde ⁊ le

124 1078 1157 76 piller, quil na trouue? Na il pas faict que tous princes, roys,

124 1135 1157 78 empereurs, ausquelz il doibt estre subiect, soyẽt ses seruiteurs

124 1190 1157 74 toute la iustice quest en Chrestiente ne luy est elle subiecte?

124 1247 1157 78 qui est entre les Chrestiens, duquel luy ⁊ les siens naye pie-

124 1305 1157 79 ce ou loupin, poͬ entretenir son orgueil de Lucifer, ⁊ sa tres exe-

124 1362 1159 71 crable paillardise; ⁊ pourtant urays Chrestiẽs retournez au

124 1419 1157 79 bening Sauueꝰ Iesꝰ, ⁊ laissez ce cruel destructeur Antechrist.

124 1476 1157 79 Prenez le sainct Euãgile de Iesꝰ ⁊ sa saincte parolle. Laissez

124 1537 1157 67 ce puãt Pape ⁊ son escole. Car par luy tout est sur terre perdu

124 1588 1155 75 ⁊ gaste. Par luy Allemaigne est troublee. France est desolee.

124 1647 1157 72 Dãnemarche destruicte. Angleterre seduicte. Espaigne man

122 1708 1161 66 gee. Italie gastee. Hungrie captiue. Pollogne chetiue. Escos-

122 1763 1161 72 se gourmandes. Boeme tormentee. Naples abusee. Grece

124 1818 1163 72 separee. Les mariages faulcement rõpus. Moines ordement

124 1880 1161 67 polluz. Nõnains au corps ⁊ l ame perdues, ⁊ a toute ordure uẽ-

124 1927 1161 85 dues. Seigneurs abbatus. Ruffiens au dessus. Marchans

124 1984 1155 95 deuorez. Mechãs honnorez. Laboureurs escorchez. Oysifz

1295 862 105 78 Jeh. 8.

881 2061 421 76 M 2 engressez
