1700 2447
777 122 455 90 Aux Lecteurs

410 197 1165 88 engressez. Filz ⁊ filles tollus, ⁊ es bourdeaux du Pape re-

410 254 1171 86 clus. Iustice des iustes ostee, ⁊ aux iniques donnee. Le mal

416 314 1165 83 pour bien uendu. Et biẽ faire defendu. Les paoures ames ca-

416 381 1163 75 ptiues. Les corps a tous maulx liurez. Le regne de Iesus de-

416 430 1167 83 struict. Et celuy de Satan introduict. O Iesus regarde labo-

416 493 1163 82 mination, de l ord filz de perdition. Helas Seigneur cesse ton

414 550 1165 76 ire. Et de ce mal si nous deliure. Enuoye ton puissant Esprit,

418 611 1157 80 par qui cest inique soit destruict. Et ayes de nous compassion,

416 670 1165 72 nous donnant ta benediction; Et nous enseigne par l unction

414 727 1169 70 de ton S. Esprit, afin que nous puissions estre deliurez d une

416 787 1167 65 tant horrible Sodome; ⁊ quen la clarte ⁊ lumiere de ta saincte

416 840 1165 73 eternelle uerite nous puissions tellement cheminer, que

414 895 1167 75 nous soyons gardez ⁊ preseruez de tant de faulses erronees,

416 958 1167 77 perilleuses, infideles ⁊ pernicieuses oeuures ⁊ doctrines, tra-

414 1013 1165 73 ditions ⁊ inuentions humaines , desquelles l escripture tes-

414 1070 1169 71 moigne assez en plusieurs lieux quen l eglise ny a pas de plus

414 1125 1171 71 cruelle ⁊ horrible peste, que telz seruices uoluntaires. Par les-

416 1184 1165 70 quelz finablement quand on a bien tracasse, les consciences

414 1241 1169 70 demeurent en telle perplexite, que au dernier, comme incertai

414 1309 1167 61 nes de toutes choses, perdent la foy, la parolle de uie, ⁊ Dieu

414 1362 1165 71 aussi. Mais la cause pourquoy ce grand Antechrist, plus dur

418 1417 1161 69 que fer, ⁊ tous ses suppos ne sont pas esmeuz a mettre polli

416 1476 1165 65 ce a telz grandz ⁊ infinis dangiers, ⁊ ne leur chault des lar

414 1533 1163 71 mes souspirs ⁊ gemissemens des paoures ames affligees, est

414 1592 1163 63 le reuenu, l argent, ⁊ leur bourse; car il craignent que leurs

416 1645 1159 78 biens tẽporelz, ⁊ leur puissance ne diminue. Et pour mieulx

418 1700 1157 72 endormir le paoure monde, ⁊ pour bien faire leur besongne,

418 1769 1163 60 ilz ont prins un seul argument, sur lequel ilz se fondent, com-

414 1818 1159 74 me sur leur pierre; Cestuy est appele la bõne intention, ⁊ la foy

416 1882 1165 59 de l eglise. Donnant par cela a entendre, au paoure monde de

418 1931 1163 69 leur gergon tout abesty, que tout ce qui est faict en la foy ⁊ in-

416 1994 1167 83 tention de l eglise, quil est droictement faict; Pourtãt affermẽt

1487 2049 92 90 ilz ⁊
