1700 2447
453 114 591 100 Epistre proffitable.

124 207 1176 76 ilz ⁊ disent, que eulx auec leur Pape, ne peuuent errer, ⁊ par

124 265 1176 77 ainsi tout ce quil leur plaist est bon ⁊ licite; car ilz le disent estre

130 330 1167 67 faict en la foy ⁊ intention de l eglise. Et comme ilz disent l e-

126 381 1174 73 glise ne peult errer. Assauoir si l eglise peult errer, ou non, pour

126 440 1174 75 le present ie men deporte. Sinon, que ie dis que leur eglise est

128 497 1169 71 l eglise des malings, l eglise des iniques, Sinaguogue de Sa-

128 558 1167 65 tan,siege de toute perdition. Et encore quand ainsi seroit q̃lle

128 619 1169 66 seroit uraye eglise de Dieu, ce q̃ iamais hõme fidele ne pour

126 670 1167 66 roit cõfesser. Si errent ilz trop lourdemẽt; car en ce qͥlz disent,

124 727 1171 74 il ne mettent point de difference, entre errer, ⁊ demeurer en er-

128 783 1169 71 reur. Errer ne nuyt point poͬ le final salut; mais nuyroit trop

126 842 1169 75 demourer en erreur; ⁊ pourtant ceste est une uerite infallible ⁊

124 907 1171 59 certaine que l eglise de Dieu ne peult demeurer en erreur. Ce

122 958 1173 69 que Iesus Christ a bien dõne a entẽdre quãd il a dict. Telle-

124 1013 1171 69 ment que les esleuz aussi seront induictz a erreur, sil est possi-

122 1070 1173 76 ble. Dauãtage l eglise prie. Pardonne nous noz offenses. Et

124 1137 1173 68 en cela elle cõfesse, non point par hypocrisie, mais en uerite, ⁊

124 1194 1176 68 a bõ essient, q̃lle peche ⁊ erres mais certes les pechez luy sont

124 1247 1176 72 pardonnez. Parquoy ne se fault apuyer ou fonder sur les oeu

124 1307 1163 69 ures , ou sur la foy ⁊ intẽtion de creature qui soit, ny au ciel ny

124 1362 1171 67 en la terre, quãd cela est hors, ou sans la parolle de Dieu. De

126 1417 1163 71 cest article (dis ie) ie me deporte pour maintenãt, mais par l ay

122 1472 1173 71 de de Dieu en parleray quelque autre foys. Neãtmoins pour

126 1539 1167 67 ceste heure ie afferme a tout le mõde que ceste foy ⁊ intention

126 1592 1167 63 de laq̃lle parlent ainsi souuẽt ces grãdz cornus , est la foy des

128 1645 1167 80 ypocrites qͥlz ont trouue hors ⁊ sans la parolle de Dieu, pour

124 1706 1173 66 eulx mesmes, poꝰ leur gaignage ⁊ auarice; laq̃lle tant malheu

126 1759 1171 72 reuse ⁊ pernicieuse inuẽtion aornẽt ⁊ decorẽt par grãd blasphe

128 1823 1167 65 me de ce noble, beau ⁊ magnifique, nom de la saincte eglise de

126 1878 1169 67 Dieu, ⁊ toutesfoys nest rien moins que la foy de la saincte

124 1933 1169 69 Eglise, ains est pure inuẽtion, songe ⁊ tradition fardee ⁊ cou-

122 1988 1165 89 louree du grand nom ⁊ du sainct mot de l eglise, pour mieulx

1304 974 118 59 mat.24.

1308 1241 112 82 Gal.1.

924 2053 380 82 M 3 seduire,
