1700 2447
755 122 453 85 Aux Lecteurs

375 199 1180 76 seduire, decepuoir, abuser ⁊ tromper tout le monde. Comme

375 263 1178 71 quand le Pape ⁊ ses Euesques proposent aux peuples ceste

377 326 1169 71 puante ⁊ infame marchandise de pardons pour les uendre,

377 383 1174 67 nayantz aultre regard que a la pecune, disent quilz font cela

377 436 1171 69 en la foy ⁊ intention de l eglise. Et ce tiltre tant excellent ⁊ di-

375 491 1176 69 gne Eglise, la foy ⁊ intention de l eglise, a espouuante tout le

379 558 1169 63 monde, tellement que nul n ose contredire a telz imposteurs ⁊

377 611 1169 72 maistres messongiers; car nul ne ueult estre renommer de con

377 668 1171 72 treuenir a la uolunte, aux ordonnances ⁊ cõmandementz de

375 725 1171 68 l eglise.  Icy a este ouuert un grand huys a toutes erreurs ⁊ a-

375 783 1171 67 bominations; car quand ce seur ⁊ ferme fondement de la pa-

379 838 1167 73 rolle de Dieu est oste; cõment ne desborderoyent pas inconti-

375 897 1176 73 nent ces grandz deluges ⁊ profundes abismes de traditions

377 958 1163 67 humaines, d erreurs, d eresies, de mensonges, d hypocriste, d y

375 1011 1176 77 dolatrie, de cafardises ⁊ resueries? D un crime peut on cognoi

377 1074 1176 67 stre les autres. Dauantage, les abominations, blasphemes,

377 1127 1171 72 ⁊ hardiesses de Satan sont uenues tant auant que par ses le-

375 1184 1178 72 ures uenimeuses ⁊ fraudulentes, qui sont ses parleurs d ini-

379 1241 1169 74 quite, non seulement par obscures ⁊ couuertes parolles; ains

377 1294 1176 72 publicquement ont escript, presche, ⁊ enseigne, que le Pape ⁊

377 1354 1174 69 l eglise romaine, sont par dessus l escripture saincte, ⁊ (qui est

377 1413 1169 71 chose horrible a ouyr) que le Pape la peut muer, interpreter,

375 1470 1173 69 moderer, ⁊ acoustrer comme bon luy semble. Et iusques a pre-

379 1531 1167 69 sent a este au Pape cõme son propre artifice, de faindre ⁊ for-

375 1586 1176 71 mer les parolles de l escripture saincte totalement a son plai-

375 1637 1169 82 sir, selon que grand proffit ⁊ gros gaignage en ensuyuoit. Et

377 1700 1171 65 cõment que iceluy la formast ou reformast, changeast ou in-

377 1757 1174 66 terpretast; il uouloit ⁊ expressement cõmandoit, que cela fust

379 1820 1169 66 tenu cõme artĩcle de foy, en persecutant par fer, par feu, ⁊ eaue

379 1873 1157 68 tous ceux qui contredisoyent, qui est extreme ⁊ souueraine ty

377 1931 1169 65 rannie, surmontant toute autre rage ⁊ cruaulte. Mais gra-

377 1984 1165 108 ces a Dieu, a telles importables forseneries, le uoile du tem-

1477 2051 74 98 ple
