1700 2447
457 122 587 83 Epistre proffitable.

124 197 1171 84 ple est rompu, grandz mouuementz de terre se sont faictz, les

124 261 1171 83 pierres se fendent, les mortz ressuscitent ⁊. Et comme pour

124 314 1167 91 lors fut faict au regne des Iuifz; aussi maintenant de brief se

124 375 1167 81 ra faicte mutation au regne du Pape; par la uertu ⁊ puissan-

124 430 1167 83 ce de Iesus Christ. Car comme ainsi soit que la predication

124 479 1165 89 de L euangile soit le Souuerain ⁊ plus excellent seruice de

122 536 1167 90 Dieu, qui se face en l eglise. Car les sacrementz ne peuuent

122 595 1163 90 estre sans la parolle, mais la parolle peult bien estre sans les

122 654 1163 86 sacrementz, Christ cõtre le diable, cõtre Antechrist ⁊ sa puis-

118 717 1165 86 sance, cõtre la uolunte de tous papistes, qui sont les trescruelz

118 772 1159 84 ennemys de Dieu ce mõstrans tresmalheureux pharisiens,

116 827 1161 84 cõtre la parolle de grace, maintenãt miraculeusemẽt redresse,

114 887 1163 91 releue, ⁊ remect en auant icelle saincte predication de L euãgi

112 935 1169 102 le, duq̃l au parauãt le nom estoit seulement demeure, sans en-

110 1001 1171 98 tendre la uertu ⁊ puissance d iceluy, qui est la puissance de sa-

108 1054 1173 92 lut a tous croyãs, ⁊ cõme le S. Apostre dit en autre lieu, qui est

108 1111 1173 85 odeur de uie en uie, a aucũs; ⁊ odeur de mort en mort, aux au-

110 1172 1163 86 tres. Jay tenu ce propoz, ⁊ prolonge ceste epistre plus lon-

110 1233 1165 80 guemẽt q̃ ne pensoy; mais uous congnoissez assez (o fideles

108 1284 1116 92 lecteurs) que d un goufre on ne peult sortir quand on si met.

108 1337 1165 92 Or est la papaulte, le Pape ⁊ ses gẽts, auec leurs oeuures; une

108 1404 1161 84 profunde mer, une abisme sans fin, un puis de feu bruslant,

108 1458 1163 85 de feu puant, sulpheureux, mortel ⁊ infernal, duq̃l nous uueil-.

106 1508 1165 100 le toꝰ deliurer Iesus ñre Seigneur, qͥ tant pour noꝰ sest humi

106 1572 1159 89 lie, quil sest uoluntairemẽt iecte dedãs le destroict de la mort,

106 1627 1106 83 laq̃lle pour nous il a goustee; pour par icelle nous uiuifier.

106 1682 1157 108 Et le Pape par son orgueil, par sa haultesse ⁊ fierte , noꝰ ueult

108 1743 343 69 trestous deuorer.

538 1802 313 90 ¶ Fuyez donc.

261 1857 720 84 ¶Ce loup meurtrier, fier ⁊ haultain.

544 1924 251 72 ¶ Et suyuez

259 1967 692 121 ¶ Iesus Pasteur ⁊ saulueur certain.

1289 1054 113 104 Rom.1.

1285 1133 131 112 2 ᑕor.2.
